3168 5190
228 425 291 491 262

226 597 339 663 illum
373 599 411 660 et
444 593 607 660 donavit
639 593 705 658 illi
742 598 884 656 nomen
923 593 1024 677 quod
1058 595 1120 658 est
1154 610 1282 677 super
1316 610 1436 658 omne

226 707 417 792 16111611)
461 707 541 772 Ecce
563 708 692 790 propter
713 699 923 770 humilitatem
957 703 1082 770 scabelli
1115 703 1254 788 ejusdem
1288 708 1433 786 naturae,

228 837 306 904 quae
339 818 470 903 pertulit
501 816 696 902 glorificatio.
739 815 870 880 Homini
893 816 976 880 enim
999 820 1029 880 et
1051 815 1205 880 humanae
1237 816 1269 879 in
1305 816 1434 882 Christo

225 933 371 1010 naturae,
410 945 489 1011 quae
521 927 650 1012 injurias
682 927 864 1010 passionum
897 927 963 991 vice
998 925 1125 992 scabelli
1157 928 1332 1011 percurrit,
1368 927 1431 992 hoc

227 1059 341 1106 nomen
375 1039 460 1123 quod
491 1042 539 1104 est
570 1057 663 1121 super
694 1057 785 1102 omne
818 1056 930 1102 nomen
963 1039 1113 1102 denatum
1147 1041 1195 1102 est
1228 1055 1290 1101 non
1313 1035 1429 1114 Verbo,

174 1197 177 1202 -
227 1151 366 1219 Verbum
388 1155 469 1215 enim
491 1148 550 1214 hoc
573 1166 686 1214 nomen
708 1148 748 1212 ab
770 1151 897 1214 aeterno
919 1147 1039 1229 habuit,
1060 1168 1116 1214 nec
1132 1149 1296 1232 aliquando
1312 1148 1431 1228 amisit,

228 1269 264 1330 nt
285 1263 345 1328 hoc
368 1262 395 1326 ei
417 1261 526 1326 donari
546 1263 677 1345 propter
698 1259 855 1344 passionis
877 1259 1088 1324 humilitatem
1110 1261 1159 1324 vel
1181 1260 1323 1324 redonari
1339 1262 1437 1344 potu-

229 1378 314 1442 isset.
338 1372 461 1439 Nomen
483 1389 566 1451 vero,
581 1372 662 1454 quod
684 1374 732 1436 est
755 1389 849 1463 super
870 1389 961 1434 omne
983 1388 1105 1450 nomen,
1130 1371 1203 1454 quid
1225 1373 1283 1450 est,
1306 1371 1368 1435 nisi
1388 1373 1438 1450 ut,

230 1487 312 1550 sieut
333 1503 404 1550 vere
426 1487 484 1564 661,
518 1485 707 1566 agnoscatur
728 1479 817 1546 Deus
840 1499 931 1547 verus
955 1486 986 1546 et
1007 1481 1066 1546 Dei
1099 1481 1164 1546 veri
1186 1482 1357 1547 secundum
1380 1501 1439 1566 ge·

229 1593 421 1661 narationem
443 1593 552 1659 filius?

668 1881 779 1950 Gap.
798 1880 1006 1941 XXXIV.

591 2007 694 2076 llrnor
715 2007 878 2076 Ambrosii
899 2006 1070 2075 Audbevti.

333 2192 380 2258 At
391 2193 450 2260 hoc
461 2213 584 2275 nomen,
606 2196 651 2259 ait
667 2193 854 2260 Ambrosius
879 2195 1004 2279 quidam
1027 2153 1231 2278 cognomento
1245 2191 1439 2273 rimbertus,

233 2311 270 2374 ut
292 2306 334 2373 sit
355 2305 443 2370 Deus
476 2309 507 2370 et
529 2305 587 2370 Dei
617 2305 701 2370 filins
735 2307 818 2388 quod
841 2306 1013 2371 secundum
1042 2308 1187 2370 naturam
1209 2303 1322 2370 habere
1345 2324 1444 2388 super

235 2436 326 2483 omne
348 2435 462 2482 nomen
485 2420 533 2481 est
555 2416 674 2481 homini
696 2417 763 2481 dari
786 2436 848 2482 non
871 2417 983 2501 potuit,
1006 2416 1067 2481 nisi
1089 2415 1171 2480 forte
1192 2416 1262 2498 quis
1285 2416 1370 2480 dicat
1385 2435 1443 2498 per

234 2527 433 2611 adoptionem
455 2545 523 2592 esse
545 2517 673 2593 datum
687 2527 746 2594 Sed
763 2528 918 2612 adoptivo,
942 2528 995 2606 ait,
1019 2527 1085 2590 Deo
1109 2544 1170 2590 non
1193 2525 1331 2592 flectitur
1350 2544 1444 2591 omne

234 2656 326 2722 genu.
369 2636 410 2701 Et
430 2636 492 2702 ista
517 2636 643 2720 quidem
676 2636 838 2702 Ambrosii
871 2637 1033 2720 eujusdam
1068 2636 1212 2702 monachi
1237 2636 1270 2700 in
1292 2635 1442 2719 epistolas

235 2748 326 2813 Pauli
358 2766 452 2832 prave
486 2749 725 2814 commentantis
759 2750 962 2814 dehramenta
995 2752 1070 2813 sunt
1103 2749 1280 2830 multosque
1313 2750 1386 2830 post
1408 2765 1443 2811 se

236 2877 338 2924 errare
360 2859 500 2924 fecerunt
520 2861 722 2925 aestimantes
745 2859 839 2925 verba
861 2859 937 2923 haec
960 2858 1059 2924 nostri
1074 2859 1181 2942 magni
1197 2857 1441 2922 Mediolanensis

238 2990 306 3036 esse
329 2970 498 3035 Ambrosii.
520 2969 581 3036 Sed
602 2972 675 3036 licet
697 2971 868 3035 monachus
892 2970 1046 3054 quispiam
1068 2972 1117 3035 vel
1140 2971 1234 3035 etiam
1257 2970 1387 3052 angelus
1404 2969 1444 3034 de

239 3083 323 3147 coelo
357 3081 544 3164 evangelizet
578 3085 703 3165 praeter
733 3084 815 3164 quod
851 3081 891 3146 ab
914 3083 1055 3164 apostolo
1079 3083 1178 3148 Paule
1212 3082 1444 3165 evangelizante

239 3193 426 3278 accepimus,
452 3191 611 3257 Christum
630 3192 774 3258 videlicet
796 3213 832 3258 ox
854 3193 971 3257 semine
993 3193 1095 3256 David
1125 3193 1293 3256 secundum
1318 3209 1445 3258 carnem

240 3303 361 3368 factum
384 3305 416 3367 61
437 3303 703 3387 praedestinatum
725 3321 788 3368 non
810 3304 956 3388 adoptive
983 3304 1037 3368 sed
1059 3303 1091 3366 in
1113 3303 1228 3367 virtute
1250 3302 1308 3368 Dei
1331 3303 1443 3385 filium,

239 3415 404 3481 anathema
426 3415 503 3480 mihi
527 3417 585 3480 erit
608 3420 639 3481 61
661 3417 746 3480 omni
768 3416 889 3481 homini
911 3415 1079 3480 christiano
1105 3434 1172 3480 esse
1195 3413 1296 3480 debet.

340 3525 458 3592 Noster
479 3545 552 3593 vero
575 3527 814 3594 Mediolanensis
831 3527 1018 3593 Ambrosius
1042 3527 1208 3612 episcopus
1232 3543 1326 3609 quam
1348 3527 1445 3610 longe

240 3639 330 3706 aliter
345 3639 382 3703 de
398 3637 514 3705 Christi
536 3640 707 3704 secundum
722 3656 846 3704 carnem
860 3637 1017 3704 natalibus
1033 3639 1158 3717 sentiat,
1184 3655 1339 3721 quamque
1354 3637 1447 3720 plene

241 3748 376 3833 apostoli
398 3747 491 3813 Pauli
523 3749 624 3815 verbis
638 3784 639 3790 κ
652 3753 684 3814 61
706 3749 829 3832 scriptis
865 3749 1038 3815 consentiat
1059 3749 1091 3813 in
1115 3750 1303 3832 expositione
1338 3747 1447 3813 Lucae

243 3858 282 3923 dc
304 3857 420 3924 christi
441 3860 640 3942 generatione
663 3859 800 3924 scribens
823 3859 1004 3925 manifestat
1025 3861 1073 3924 his
1096 3859 1216 3927 verbis:
1241 3858 1375 3939 „Lucas
1398 3860 1448 3924 in·

244 3968 321 4052 quit,
344 3971 384 4034 ad
406 3971 508 4036 Deum
525 3971 640 4039 Christi
660 3973 893 4057 generationem
914 3971 1038 4059 putavit
1061 3991 1129 4036 esse
1150 3969 1344 4037 referendam
1360 3974 1446 4055 quod

243 4098 335 4146 verus
352 4080 467 4148 Christi
489 4087 653 4166 generator
666 4085 751 4149 Deus
775 4085 816 4150 sit
838 4087 887 4150 vel
906 4085 1075 4150 secundum
1090 4101 1196 4148 veram
1210 4083 1447 4166 generationem

141 4239 144 4244 .
243 4194 334 4278 pater
355 4195 404 4259 vel
425 4196 595 4260 secundum
616 4197 732 4262 lavacri
754 4197 1019 4280 regenerationem
1033 4194 1159 4278 mystici
1172 4197 1282 4260 auctor
1296 4193 1447 4259 muneris.

244 4303 285 4370 111
306 4305 374 4369 ideo
397 4322 458 4368 non
480 4321 498 4368 a
520 4305 621 4391 primo
637 4308 868 4390 generationem
888 4308 954 4391 ejus
976 4307 1078 4391 coepit
1101 4305 1235 4372 scribere
1251 4307 1305 4371 sed
1320 4307 1447 4388 postea-

247 4439 495 4450 u--u—-u--e--u

349 4513 367 4580 1)
388 4512 457 4566 111.
478 4512 503 4566 a.
524 4511 549 4565 1.
