3158 5212
1257 407 1298 472 61

97 572 256 656 promissa
280 590 337 638 sua
359 572 396 638 de
419 571 566 638 ecclesiae
587 571 731 639 libertate
753 573 927 658 compleret.
960 575 1099 644 1111666
1121 577 1227 660 paucis
1250 595 1300 642 ar-

97 683 191 750 bitris
225 683 309 749 inter
335 702 441 768 regern
470 686 500 748 et
527 683 703 749 Romanum
731 685 909 768 pontificem
931 683 1127 771 gerebantur,
1153 686 1301 752 nimirum

96 796 264 880 episcopis,
285 795 352 860 solo
375 792 556 859 cancellario
579 792 774 878 imperatoris
796 797 939 876 excepto,
962 795 1092 878 aliisque
1107 796 1253 862 ecelesiae
1271 801 1303 862 et

95 906 222 990 imperii
244 904 435 988 principibus
457 904 611 988 promissa
632 905 704 970 hino
731 904 802 970 inde
825 904 908 970 facta
929 905 1052 988 penitus
1074 905 1300 991 ignorantibus.

95 1017 202 1101 Igitur
222 1015 339 1082 talibus
361 1014 433 1081 hino
455 1016 525 1081 inde
546 1015 709 1099 promissis
732 1014 813 1080 datis
834 1019 865 1081 et
887 1015 1021 1100 acceptis
1043 1035 1096 1082 161
1112 1035 1184 1082 cum
1200 1017 1300 1082 multo

95 1127 318 1212 episcoporum
328 1131 353 1212 1)
382 1127 575 1210 aliorumque
602 1126 779 1209 principum
810 1126 961 1192 comitatu
989 1128 1029 1192 ad
1051 1126 1169 1193 Urbem
1191 1127 1300 1208 tendit,

96 1256 195 1322 quam
217 1239 314 1305 etiam
336 1238 461 1305 ueniens
489 1237 662 1322 ingreditur
681 1236 838 1321 praestitis
868 1240 940 1303 ante
957 1236 1144 1322 juramentis
1167 1257 1204 1303 ac
1226 1239 1300 1304 deta

95 1349 157 1416 fide
181 1350 220 1416 de
242 1369 318 1435 pace
340 1348 481 1415 Romano
502 1347 645 1414 Pontifici
667 1351 760 1432 atque
785 1347 860 1414 Urbi
880 1349 999 1433 integre
1025 1351 1246 1416 conservanda.

546 1708 656 1776 Cap.
678 1707 861 1764 xxvn.

296 1830 463 1900 Pasotalis
484 1830 572 1919 Papa
592 1849 613 1898 a
634 1849 714 1917 rege
735 1830 887 1900 Heinrioo
909 1831 1102 1919 captivatur.

193 2021 333 2103 Jamque
353 2021 481 2085 uentum
504 2021 570 2084 erat
591 2019 623 2083 in
639 2018 775 2084 medium
798 2017 943 2085 ecclesiae
964 2018 1048 2083 beati
1061 2017 1158 2098 Petri,
1180 2017 1234 2083 ubi
1256 2018 1294 2083 de

87 2129 224 2212 justitiis
259 2130 333 2194 hinc
363 2129 435 2196 inde
462 2130 679 2196 conservandis
702 2130 1295 2197 66161616661661116611116166661-

90 2241 216 2306 dotium
238 2242 270 2306 et
291 2259 422 2324 regnum
444 2243 578 2306 tractare
600 2241 752 2307 convenit.
777 2240 855 2308 (tum
878 2241 962 2306 sellis
984 2241 1056 2306 hinc
1078 2240 1148 2306 inde
1163 2240 1295 2326 prolatis

91 2370 279 2418 comessum
307 2359 356 2416 est
383 2352 604 2417 circumstante
633 2351 798 2418 confertim
828 2369 941 2417 corona
971 2355 1173 2417 armatorum.
1218 2352 1297 2417 Pro·

91 2462 238 2530 feruntur
269 2462 303 2528 in
335 2463 472 2528 medium
503 2461 625 2529 litterae
653 2463 691 2528 de
716 2465 806 2547 parte
834 2462 1029 2545 imperatoris
1059 2465 1099 2530 ad
1119 2462 1296 2529 Romanum

92 2573 282 2640 Pontificem
308 2573 442 2640 directae
471 2577 502 2639 et
530 2573 705 2657 quaesitum
727 2593 784 2658 per
806 2575 1027 2640 cancellarium
1050 2575 1165 2641 Domni
1187 2574 1291 2658 Papae

91 2701 112 2748 6
130 2685 256 2750 Damno
279 2683 468 2770 imperatore
490 2683 618 2768 ejusque
640 2684 821 2750 cancellario
843 2701 883 2748 an
902 2704 953 2752 eas
975 2703 1047 2752 snas
1071 2688 1101 2751 et
1123 2703 1142 2749 a
1165 2704 1198 2751 se
1221 2685 1307 2778 mis·¹

93 2814 146 2862 sas
159 2798 424 2884 recognoscerent.
449 2794 588 2880 Cumque
603 2815 786 2879 responsum
800 2795 910 2861 fuisset
933 2796 973 2861 ab
995 2795 1038 2860 eis
1062 2795 1157 2862 etiarn
1172 2795 1296 2860 eaedem

92 2906 126 2973 in
147 2907 253 2990 palam
273 2907 396 2972 litterae
416 2909 515 2972 lectae
538 2908 619 2986 sunt,
654 2906 810 2992 promissa
831 2906 947 2972 Domni
969 2906 1051 2991 regis
1073 2907 1113 2971 ad
1128 2908 1295 2973 'Domuum

94 3017 215 3102 Papam
228 3018 429 3085 conduentes.
453 3017 603 3084 Similiter
625 3021 657 3084 et
679 3038 715 3083 er
736 3022 824 3101 parte
845 3018 951 3083 domni
973 3017 1054 3103 regis
1068 3015 1193 3096 litteris,
1218 3033 1296 3100 quae

92 3145 111 3193 a
133 3129 248 3194 domno
277 3145 360 3220 papa
386 3128 519 3195 directae
540 3129 674 3210 fuerant,
696 3129 729 3194 in
750 3129 888 3195 medium
909 3129 1038 3214 prolatis
1063 3127 1239 3212 quaesitum
1261 3130 1293 3193 et

93 3258 281 3325 responsum
311 3243 359 3305 est
385 3225 522 3324 itemquo
547 3241 670 3306 litterae
698 3241 731 3306 in
752 3239 876 3325 publico
898 3240 1054 3318 recitatae,
1087 3255 1165 3322 quae
1188 3234 1294 3302 domni

93 3369 192 3436 papae
213 3352 253 3417 ad
275 3351 425 3418 domnum
446 3370 552 3436 regem
573 3353 727 3437 promissa
749 3350 957 3419 continebant.
980 3350 1124 3433 Dumque
1141 3347 1294 3434 promissa

93 3466 222 3529 eatenus
243 3460 383 3528 inaudita
405 3461 620 3546 episcoporum
642 3479 732 3531 aures
754 3463 955 3547 percellerent
974 3461 1194 3545 cognoscentes
1215 3477 1248 3525 se
1261 3461 1293 3525 et

94 3573 241 3639 ecclesias
269 3591 357 3654 suas,
388 3572 548 3640 occasione
558 3577 582 3657 ²)
609 3573 779 3658 imperialis
808 3590 940 3639 coronae
968 3571 1052 3656 regis
1079 3569 1173 3654 capiti
1194 3568 1295 3653 impo-

93 3684 220 3762 nendae,
245 3684 421 3768 spoliandos
436 3686 572 3770 antiquis
583 3683 841 3771 possessionibus,
861 3684 950 3769 quasi
967 3701 1003 3749 ex
1020 3700 1082 3748 nno
1101 3699 1153 3747 ore
1172 3681 1295 3746 contra·

93 3793 247 3874 dicebant,
270 3793 397 3876 aientes,
420 3815 453 3861 se
475 3798 542 3882 regi
564 3815 710 3864 coronam
731 3795 923 3880 imperialem
944 3797 1032 3860 tanto
1052 3811 1180 3860 suarum
1198 3789 1295 3858 66616-

94 3906 212 3970 siarum
234 3904 419 3972 detrimento
443 3926 544 3974 emere
565 3908 655 3975 nolle.
700 3906 839 3989 Cumque
868 3911 899 3970 et
920 3905 1033 3971 armati
1055 3903 1293 3970 circumstantes

93 4035 145 4084 eos
166 4016 261 4082 minis
284 4019 316 4082 et
337 4018 506 4085 terroribus
528 4021 739 4104 perurgerent,
775 4017 864 4102 quasi
890 4015 959 4101 jam
980 4015 1209 4084 interficiendos
1231 4010 1294 4077 nisi

94 4125 354 4214 consensissent⁸)
389 4129 570 4198 chunradus
593 4127 779 4198 Juvavensis
807 4126 1056 4226 archiepiscopus
1079 4125 1174 4193 etiam
1200 4124 1294 4208 caput

197 4346 216 4418 ι)
234 4334 1292 4416 1111666111166666611116116666116161161111601161,11616116161.6161111.

194 4450 215 4515 1)
236 4449 293 4503 6611.
313 4449 479 4501 occasionem.

195 4544 216 4616 ι)
236 4545 294 4600 cod.
314 4547 490 4602 consensisset.
