3168 5214
1295 371 1359 438 365

146 533 303 618 judicium
326 532 427 616 magis
450 534 574 617 proprie
596 531 734 618 Spiritus
757 537 860 601 sancti
882 555 1035 621 personae
1058 541 1208 623 competit
1229 560 1358 626 praece·

151 647 296 713 dentibus
321 646 442 712 dnobus
461 645 588 728 judiciis
623 646 727 711 Patris
761 650 793 711 et
829 648 902 712 Filii
937 668 1085 731 personas
1120 653 1356 734 respicientibus

150 759 257 824 ordine
279 775 336 823 suo
355 757 549 842 jungeretur.

646 1047 753 1113 Gap.
774 1047 849 1102 lv.

191 1217 336 1284 Tertium
355 1217 515 1305 judicium
538 1219 654 1285 contra
677 1217 856 1286 Sodomitas
878 1220 920 1288 ad
943 1220 1098 1308 Spiritum
1132 1225 1308 1311 portinere.

246 1406 371 1470 Etenim
395 1424 467 1471 cnm
490 1405 624 1490 Spiritus
648 1410 775 1472 sanctus
800 1409 987 1474 moralitatis
1010 1413 1110 1495 magis
1135 1430 1226 1495 qnam
1244 1413 1353 1496 singu-

144 1517 220 1582 laris
245 1522 340 1601 atque
375 1518 445 1601 ipsa
478 1519 619 1584 omnium
653 1519 859 1584 sanctificatio
894 1522 944 1599 sit,
979 1523 1029 1586 cui
1063 1541 1211 1606 personae
1244 1529 1352 1587 eontra

143 1628 360 1694 immunditias
396 1632 427 1693 et
465 1648 590 1694 morum
632 1633 863 1712 corruptionem
904 1632 1005 1698 facere
1042 1634 1212 1698 vindictam
1249 1634 1350 1716 magis

142 1740 266 1824 proprie
288 1758 383 1824 quem
405 1741 452 1805 iln
474 1741 627 1818 convenit,
652 1743 866 1807 salvatamen
889 1744 985 1808 totius
1019 1744 1184 1826 Trinitatis
1217 1745 1350 1809 indivisa

142 1853 360 1936 cooperatione
383 1853 415 1918 in
438 1853 574 1939 propriis
598 1854 794 1937 singularum
815 1873 1020 1939 personarum
1037 1854 1164 1939 judiciis
1188 1859 1220 1920 et
1249 1857 1349 1938 operi-

139 1964 228 2031 bus?
273 1965 352 2033 Cum
375 1966 459 2032 enim
482 1967 688 2030 Sodomorum
722 1965 916 2049 aliarumque
946 1966 1150 2032 finitimarum
1184 1967 1345 2032 civitatum

139 2075 236 2142 tuerit
257 2081 424 2162 peccatum
446 2075 600 2160 superbia,
639 2077 788 2142 saturitas
825 2078 916 2162 panis
954 2081 986 2142 et
1022 2077 1121 2142 otium
1158 2076 1276 2162 absque
1312 2097 1347 2142 eo

138 2188 223 2272 quod
245 2191 354 2254 contra
375 2192 521 2254 naturam
554 2189 686 2253 masculi
718 2189 752 2253 in
784 2190 941 2254 masculos
978 2188 1205 2274 turpitudinem
1241 2207 1347 2272 opera·

136 2299 263 2381 bantur,
285 2300 354 2383 quis
376 2300 491 2365 rectius
515 2317 610 2382 quam
634 2299 766 2382 Spiritus
790 2302 917 2365 sanctus
953 2299 1006 2364 ille
1043 2298 1196 2365 Dominus
1233 2301 1349 2365 intelli-

134 2410 253 2495 gitur,
288 2413 326 2476 de
357 2430 418 2494 quo
456 2411 612 2496 seriptum
646 2413 715 2476 est:
758 2409 874 2475 Pluit
907 2410 1091 2475 Dominus
1124 2429 1143 2475 a
1179 2411 1347 2476 Domino

133 2521 274 2606 ignem
298 2525 334 2587 et
355 2521 525 2604 sulphur
547 2521 592 2584 de
615 2520 785 2602 coelom)
830 2519 914 2584 Pluit
947 2539 1020 2603 ergo
1044 2521 1199 2586 Dominus
1227 2540 1245 2585 a
1278 2523 1345 2587 Do·

133 2633 229 2713 mino,
243 2631 379 2716 Spiritus
403 2636 532 2706 sanctus¹
553 2633 590 2696 de
613 2634 705 2696 Patre
727 2635 759 2697 et
781 2630 874 2697 Filio.
918 2630 1067 2712 Quamvis
1092 2632 1174 2696 enim
1190 2635 1253 2696 tres
1273 2632 1346 2696 illae

133 2762 286 2828 personae
308 2762 370 2808 non
395 2746 458 2808 tres
494 2742 622 2808 Domini
660 2743 714 2808 sed
747 2761 829 2808 nnus
863 2742 1016 2806 Dominus
1040 2742 1111 2821 sint,
1135 2761 1339 2826 unaquaeque

132 2859 239 2920 tamen
261 2871 395 2938 persona
417 2854 513 2919 etiam
545 2855 614 2939 ipsa
650 2872 783 2937 persona
818 2853 973 2918 Dominus
1011 2857 1068 2918 est.
1114 2853 1198 2918 Pinit
1236 2853 1343 2936 itaque

131 2964 339 3034 sanctificatio
362 2965 516 3030 Dominus
539 2965 643 3050 ignem
677 2969 709 3030 et
742 2965 875 3050 sulphur
907 2969 1017 3030 contra
1047 2963 1181 3030 taetidos
1216 2969 1248 3030 et
1283 2965 1343 3030 im-

130 3078 288 3154 mundos3
312 3077 396 3161 pluit
428 3077 586 3141 miseratio
611 3077 680 3156 Dei,
715 3076 868 3141 Dominus
902 3075 1041 3161 Spiritus
1065 3081 1203 3155 sanctus,
1237 3076 1342 3159 ignem

131 3190 243 3252 contra
263 3187 538 3267 immisericordes,
562 3187 677 3272 impios
700 3191 733 3253 et
756 3187 909 3273 superbos
931 3192 1060 3273 peccate
1083 3207 1140 3254 sua
1171 3189 1343 3272 eleemosy-

130 3299 179 3364 nis
201 3316 264 3362 non
286 3282 478 3363 redimentes
498 3298 552 3364 sed
575 3299 708 3384 superbe
730 3301 924 3378 incedentem
947 3301 1029 3384 pluit
1050 3300 1237 3366 moralitatis
1272 3317 1340 3364 ma·

129 3409 230 3493 gister
253 3408 385 3492 Spiritus
409 3410 536 3475 sanctus
559 3427 596 3475 ac
618 3411 716 3477 totius
738 3412 807 3494 piae
830 3411 1019 3495 operationis
1041 3416 1153 3476 auctor
1183 3410 1339 3474 Dominus

128 3521 234 3604 ignem
257 3523 366 3585 contra
399 3520 526 3599 otiosos,
563 3522 755 3606 vaniloquos,
785 3524 937 3588 curiosos.
981 3522 1130 3604 Quamvis
1154 3521 1238 3586 enim
1272 3520 1340 3584 dia·

128 3629 220 3696 bolus
247 3629 409 3714 superbus,
433 3649 532 3695 vanus
558 3634 589 3695 et
618 3630 799 3698 immundus
830 3634 927 3698 veluti
964 3633 1050 3698 canis
1083 3631 1271 3698 tricerberus
1305 3632 1338 3696 in

129 3741 194 3808 suis
220 3741 321 3807 tribus
355 3740 490 3808 fortibus
524 3743 685 3826 glorietur,
716 3743 768 3826 qui
806 3746 880 3808 sunt
913 3740 1067 3825 superbia,
1106 3744 1271 3809 curiositas
1306 3747 1338 3808 et

127 3853 334 3934 immunditia,
359 3855 459 3920 tribus
482 3855 632 3919 nimirum
654 3853 819 3938 fortibus)
842 3856 908 3920 reri
930 3854 1030 3918 nostri
1046 3853 1338 3930 DaridcontrariiS‚

127 3966 209 4031 sicut
231 3971 263 4031 et
285 3985 426 4032 summae
449 3967 596 4033 Triniteti
618 3968 765 4033 contrarii
788 3970 870 4046 sunt,
904 3965 1057 4050 quamvis,
1093 3965 1230 4048 inquam,
1269 3965 1335 4028 dia·

126 4075 217 4142 bolus
239 4076 272 4139 in
305 4076 354 4142 his
388 4075 522 4143 fortibus
559 4079 624 4144 suis
654 4079 806 4162 glorietur
839 4096 930 4143 omne
967 4076 1027 4142 sibi
1062 4076 1126 4142 fere
1159 4076 1331 4140 humanum

125 4207 223 4272 genus
255 4186 434 4273 subjecisse,
458 4192 565 4256 tamen
603 4207 727 4256 summa
754 4188 891 4253 Trinitas
925 4206 1007 4253 unus
1041 4189 1126 4254 Deus
1158 4187 1269 4252 fortior
1302 4187 1334 4252 in

127 4383 376 4393 o-——m

219 4453 237 4521 ι)
256 4470 314 4518 gon,
338 4454 378 4509 19.
401 4454 444 4510 24.
470 4483 499 4494 -
523 4455 543 4524 ²)
563 4459 589 4508 ἱ).
610 4471 663 4516 rog.
685 4456 729 4508 23.
751 4453 793 4508 16,
