3168 5190
233 310 336 418 aaa

231 519 418 607 pertingitur
440 524 472 587 et
495 519 641 588 Christus
674 540 735 588 nou
759 522 862 588 solum
884 521 977 588 homo
1001 523 1056 588 sad
1078 522 1172 590 etiam
1196 526 1280 592 Dans
1304 530 1361 608 est,
1384 546 1441 594 ac·

231 632 304 699 tivis
327 631 479 697 Dominus
502 631 597 699 Jesus
621 650 675 715 par
696 630 927 698 humanitatem
944 633 1130 700 moralitatis
1155 636 1204 700 uia
1226 639 1276 703 est
1296 641 1441 722 pertran-

231 745 314 810 siens
337 747 368 809 at
389 743 458 829 ipse
480 740 698 808 benefaciendo
722 746 753 810 et
776 745 911 809 sanando
936 763 1044 812 omues
1070 765 1236 832 oppressos
1259 765 1279 812 a
1302 747 1439 827 diabolo,

232 854 480 938 contemplativis
514 873 585 920 vero
608 855 629 919 i.
653 876 682 921 a.
703 855 875 922 vanitatem
908 857 1001 941 hujus
1035 859 1143 923 mundi
1165 859 1306 926 veritatis
1330 878 1440 928 amora

232 965 448 1050 spernentibus
482 968 514 1031 et
542 969 667 1032 aeterna
708 967 832 1033 caducis
865 967 994 1053 physica
1027 969 1147 1034 ratione
1183 968 1438 1055 praeferentibus

232 1075 348 1143 venitm
367 1077 434 1161 ipse
457 1081 488 1144 at
509 1076 640 1144 verbum
671 1079 801 1165 plenum
821 1079 923 1164 gratia
946 1082 978 1146 et
1000 1081 1130 1147 varitate
1153 1085 1210 1162 eet,
1245 1082 1330 1149 omni
1352 1082 1440 1166 sapi-

232 1189 315 1254 entia
336 1188 429 1272 hujus
452 1189 560 1254 mundi
580 1189 723 1270 lucidius,
758 1192 911 1275 quomodo
935 1190 983 1256 sol
1006 1191 1139 1276 amplius
1172 1195 1257 1260 lucet
1288 1194 1435 1261 omuibus

232 1298 395 1367 sideribus.
419 1299 676 1367 Pervenientibus
709 1303 748 1367 ad
771 1322 805 1369 sa
826 1320 862 1367 ac
884 1303 1065 1386 peripsum
1094 1305 1134 1369 ed
1156 1305 1285 1370 Patrem
1306 1305 1354 1372 his
1377 1307 1436 1372 da-

233 1431 321 1477 mum
344 1413 433 1498 plene
455 1412 520 1478 vita
542 1411 610 1492 erit,
647 1413 714 1497 ipse
736 1431 798 1479 una
820 1432 891 1479 cum
914 1413 1036 1480 Patra..
1066 1414 1177 1482 Sicut
1198 1417 1305 1483 enim
1325 1421 1441 1502 pater

230 1523 352 1590 habet
373 1524 494 1590 vitam
517 1525 557 1590 in
580 1524 799 1611 semetipso
830 1525 889 1592 sic
912 1526 1025 1593 dedit
1046 1530 1083 1592 et
1101 1525 1196 1593 filio
1218 1527 1343 1594 vitam
1363 1528 1440 1594 ha·

230 1634 318 1700 bere
348 1634 388 1699 in
410 1635 670 1723 semetips01)
704 1641 736 1704 et
769 1657 871 1720 nemo,
906 1641 942 1704 nt
966 1639 1033 1722 ipse
1056 1640 1111 1720 ait,
1144 1639 1229 1706 venit
1251 1641 1291 1706 ad
1311 1643 1440 1726 patrem

230 1746 291 1812 nisi
310 1765 365 1831 per
384 1747 488 1832 ipsum
504 1749 586 1815 sicut
607 1768 714 1816 nemo
737 1766 859 1834 quoque
880 1749 991 1816 videt
1012 1749 1177 1816 Patrem
1198 1750 1278 1818 nisi
1300 1752 1432 1819 Filius

231 1845 277 1925 et
303 1858 368 1925 cui
400 1860 581 1927 voluerit
612 1860 741 1926 Filius
774 1858 1010 1947 revelare.²)
1053 1862 1091 1926 In
1115 1879 1175 1946 qua
1198 1862 1292 1928 etiam
1315 1863 1440 1930 theoria

230 1972 350 2056 plenius
373 1970 501 2038 clarebit
522 1963 599 2038 illud
622 1973 706 2056 quod
727 1991 809 2038 nunc
832 1992 868 2037 ex
889 1975 978 2057 parta
1000 1973 1210 2058 cognoscitur,
1249 1990 1342 2057 quam
1363 1992 1439 2040 uere

231 2081 391 2148 infirmum
407 2084 466 2148 Dei
498 2082 611 2149 fortius
633 2081 811 2148 hominibus
835 2087 866 2149 at
888 2083 1022 2149 stultum
1044 2083 1102 2148 Dei
1137 2101 1230 2167 qnam
1255 2101 1326 2149 vere
1347 2083 1436 2150 omni

233 2193 371 2259 humana
393 2193 543 2277 sapientia
566 2193 735 2278 sapientius
759 2193 811 2274 sit,
845 2211 1001 2279 quamque
1030 2211 1101 2259 vere
1123 2197 1154 2260 at
1176 2195 1320 2260 decenter
1341 2212 1437 2278 opor·

233 2305 330 2371 tuerit
363 2304 429 2390 pati
463 2306 621 2375 Christum
658 2307 690 2370 et
722 2323 883 2390 resurgere
905 2323 924 2370 a
946 2303 1079 2370 mortuis
1114 2305 1145 2368 et
1177 2304 1222 2369 ita
1255 2304 1370 2370 intrare
1402 2304 1439 2372 in

232 2417 366 2501 gloriam
387 2435 477 2483 suam
500 2420 531 2482 at
552 2417 725 2501 praedicari
745 2417 779 2483 in
800 2418 926 2484 nomine
948 2417 1014 2503 ejus
1036 2415 1221 2501 patientiam
1244 2422 1275 2484 et
1296 2417 1439 2484 remissi·

234 2547 325 2594 onem
345 2531 545 2616 peecatorum
566 2529 600 2594 in
622 2547 729 2595 omnes
751 2531 871 2614 gentes.
916 2523 1000 2593 Nam
1022 2527 1097 2596 haec
1121 2528 1273 2613 sapientia
1294 2526 1334 2592 ab
1356 2527 1443 2594 anti·
1581 2549 1582 2573 ¹

234 2641 411 2725 quostiam
443 2640 583 2706 volucres
618 2640 696 2707 coeli
728 2640 748 2706 i.
772 2660 798 2706 e.
836 2641 975 2725 angelos,
1012 2643 1049 2706 ut
1070 2639 1221 2725 scriptum
1243 2642 1301 2720 est,
1334 2639 1441 2721 latuit,

233 2770 315 2818 nunc
348 2755 453 2817 autem
487 2751 633 2818 acclesiae
655 2751 714 2820 Dei
745 2769 782 2818 ac
814 2771 869 2836 per
902 2769 971 2816 eam
992 2751 1110 2836 angelis
1144 2749 1343 2817 manifestata
1374 2769 1442 2816 non

233 2882 373 2950 paruam
408 2867 445 2929 ut
477 2863 626 2943 aestimo,
660 2863 692 2927 in
725 2861 911 2929 coelestibus
935 2871 966 2928 et
987 2861 1020 2926 in
1038 2860 1223 2928 aeternitate
1256 2865 1441 2929 sanctorum
1580 2849 1581 2855 ¹

234 2974 353 3040 theoria
386 2974 444 3039 erit
466 2973 723 3058 cognoscentibus
758 2994 793 3040 ex
822 2975 893 3040 toto
917 2973 1000 3058 quod
1020 2990 1103 3039 nunc
1135 2992 1171 3040 ex
1190 2976 1282 3058 parte
1303 2991 1441 3059 coguos-

234 3089 317 3153 cunt.
346 3084 500 3170 Quoniam
522 3085 627 3169 itaque
648 3085 802 3151 Dominus
825 3085 920 3153 Jesus
943 3082 1033 3150 nobis
1054 3083 1106 3149 via
1127 3083 1160 3150 in
1182 3082 1333 3164 moribus,
1356 3081 1442 3149 veri·
1579 3107 1580 3136 r

234 3200 283 3263 tas
304 3194 494 3280 inphysicis
528 3198 559 3260 et
580 3194 614 3260 in
635 3196 755 3262 theoria
776 3195 842 3262 vita
875 3194 1067 3262 calamitatis
1101 3198 1150 3261 ost
1169 3197 1336 3280 propterea
1368 3193 1441 3277 ipse

233 3307 363 3392 loquens
379 3305 419 3370 ad
437 3303 635 3389 Philippum:
659 3323 746 3389 ago,
769 3304 880 3388 inquit,
898 3323 981 3370 sum
1003 3304 1080 3385 via,
1104 3306 1257 3370 veritas
1281 3307 1320 3369 et
1341 3303 1439 3370 vita.

233 3421 338 3504 Quum
360 3417 442 3483 enim
464 3417 582 3482 dherat
603 3415 765 3500 Philippus
789 3415 961 3482 Domine
994 3416 1191 3482 nescimus
1213 3435 1281 3500 quo
1305 3415 1439 3496 uadis,

235 3530 388 3614 quomodo
421 3545 589 3613 possumus
612 3526 695 3592 viam
718 3525 805 3606 scire,
839 3526 961 3592 heiste
983 3525 1280 3593 salutarisscientia
1309 3544 1366 3592 nos
1387 3527 1440 3591 la·

234 3641 314 3708 taret
337 3659 370 3706 se
391 3639 496 3725 ipsum
517 3638 607 3705 nobis
637 3638 720 3703 viam
743 3637 782 3703 ad
804 3656 838 3703 se
859 3636 963 3719 ipsum
995 3640 1026 3703 et
1048 3637 1088 3702 ad
1111 3635 1238 3703 Patrem
1260 3635 1358 3702 vitam
1379 3654 1440 3720 per

234 3750 394 3836 seipsum
431 3750 594 3815 vamtatem
626 3747 716 3814 nobis
738 3748 772 3814 in
794 3747 845 3813 uia
865 3748 1021 3815 lucentem
1045 3748 1281 3814 demonstravit.
1326 3748 1373 3814 Ac
1395 3766 1440 3814 ne

232 3861 309 3930 alias
334 3880 454 3947 quoque
475 3861 541 3928 uias
562 3863 684 3945 praeter
705 3859 808 3945 ipsum
831 3860 871 3925 ad
893 3879 927 3926 se
949 3860 1042 3927 simul
1065 3863 1097 3926 et
1118 3859 1158 3925 ad
1180 3858 1307 3926 Patrem
1331 3857 1437 3924 vitam
1576 3877 1577 3964 p

235 3972 324 4040 nobis
347 3966 475 4040 subesse
507 3975 690 4057 putaremus
713 3973 821 4039 cautos
843 3989 900 4038 nos
923 3989 991 4038 asse
1014 3971 1121 4037 uolans
1143 3968 1265 4053 adjecit.
1310 3967 1439 4034 Nemo
1576 3965 1577 3968 ’

235 4085 344 4151 verrit
374 4085 418 4149 ad
447 4084 602 4149 Patrem
634 4083 710 4150 nisi
743 4103 812 4169 per
834 4103 900 4150 me.
945 4079 1124 4150 Ouerbum
1145 4078 1238 4146 brena
1260 4079 1299 4145 de
1319 4075 1434 4146 Verbo

234 4193 381 4276 breviato,
416 4193 498 4279 quod
531 4194 606 4262 fecit
635 4197 788 4265 Dominus
811 4201 842 4262 et
865 4195 1000 4262 ostendit
1020 4191 1121 4272 nobis,
1154 4195 1192 4258 ut
1223 4209 1286 4258 non
1308 4207 1441 4258 necesm
1575 4235 1576 4265 p

337 4433 356 4506 ¹)
375 4436 448 4490 Joau.
468 4435 494 4491 5.
513 4433 558 4489 26.
581 4462 614 4474 -
636 4431 657 4503 ²)
675 4433 760 4488 rnatu
785 4431 830 4488 11.
850 4429 895 4487 27.
