3172 5202
1273 403 1312 468 91

131 571 276 637 uernum
288 575 350 640 tale
361 576 417 640 eet.
445 574 606 652 „Urbanus
629 591 708 658 papa
731 577 762 640 et
777 578 897 658 martyr
919 573 1062 652 omnibus
1090 574 1265 642 christianis
1280 577 1315 642 iu

132 683 382 761 „sanctificatione
404 687 531 770 spiritus
555 690 585 751 et
606 687 782 769 aspersione
795 688 952 771 sanguinis
966 687 1081 754 Christi
1102 687 1236 752 salutem
1248 691 1306 755 etc

130 793 257 871 „Scimus
272 794 301 877 ¹)
327 814 382 862 vos
405 815 467 861 uon
492 798 643 880 ignorare,
677 800 748 882 quia
777 799 925 865 hactenus
948 803 1013 865 vita
1035 802 1209 866 communis
1231 802 1312 868 inter

132 905 235 980 „bonos
258 909 443 973 christianos
459 909 560 993 viguit
576 913 606 974 et
623 910 724 976 adhuc
739 913 841 995 gratia
856 913 915 977 Dei
929 913 1013 996 viget
1030 915 1061 977 et
1077 913 1211 978 maxime
1230 913 1311 978 inter

131 1020 274 1102 „eosqui
309 1019 342 1082 in
369 1023 452 1084 sorte
474 1021 533 1085 Dei
560 1025 632 1086 sunt
663 1023 752 1088 electi
778 1023 798 1087 i.
822 1043 847 1088 e.
869 1024 1016 1104 clericos,
1040 1024 1122 1089 sicut
1143 1024 1259 1108 legitur
1279 1024 1312 1087 in

132 1127 258 1204 „actibus
280 1130 512 1213 apostolorum:
536 1132 866 1199 Multitudinis
895 1134 1183 1199 credentium
1211 1137 1312 1199 erat

129 1259 194 1304 cor
222 1259 350 1306 unum
384 1246 426 1307 et
458 1243 604 1309 anima
634 1263 736 1324 una,
770 1264 848 1312 nec
879 1247 1119 1328 quisquam
1151 1263 1312 1325 eorum,

131 1370 229 1436 quac
259 1354 557 1438 possidebat,
599 1359 779 1441 aliquid
821 1377 946 1424 sunm
982 1375 1080 1422 esse
1112 1355 1308 1435 dicebat,

130 1466 454 1532 sederantillis
478 1467 900 1534 omniacommunia.
936 1469 1168 1552 Quotquot
1198 1467 1314 1532 enim

128 1595 418 1659 possessores
447 1597 658 1662 agrorum
687 1584 762 1647 aut
792 1582 1022 1647 domorum
1051 1583 1182 1645 erant
1213 1597 1313 1643 ven-

129 1688 287 1769 dentes,
322 1687 766 1776 afferebantpretia
802 1712 972 1773 eorum,
1012 1710 1121 1777 quae
1157 1693 1312 1757 vende·

130 1797 246 1880 bant,
293 1803 336 1864 et
379 1802 610 1884 ponebant
652 1809 757 1870 ante
799 1805 934 1888 pedes
977 1805 1306 1888 apostolorum.

131 1907 433 1980 Diuidebatur
462 1919 610 1982 autem
631 1915 837 2000 singulis
860 1915 1180 1998 proutcuique
1203 1931 1312 1995 opus

130 2027 218 2090 erat
239 2025 341 2112 etad).
358 2026 551 2111 Cumitaque
573 2025 774 2091 manifestum
789 2026 830 2090 sit
852 2044 887 2090 ex
905 2024 954 2089 his
977 2042 1013 2089 ac
1035 2022 1175 2108 pluribus
1199 2023 1311 2088 veteris

128 2151 159 2200 ac
178 2139 246 2202 noui
267 2138 450 2204 testamenti
471 2137 593 2222 paginis
616 2155 757 2202 necnon
781 2139 811 2201 et
833 2141 958 2220 patrum
981 2134 1224 2200 orthodoxorum
1248 2134 1313 2200 dic·

127 2247 171 2325 tis,
191 2249 222 2314 in
244 2249 358 2333 quibus
381 2249 428 2316 vir
449 2251 580 2315 illustris
602 2251 810 2332 Hieronymus
827 2265 863 2312 ac
878 2250 966 2330 pater
980 2246 1175 2331 Augustinus
1189 2245 1212 2332 8)
1236 2253 1314 2313 emi·

127 2360 271 2428 nentiores
297 2365 379 2441 sunt,
414 2363 530 2428 olerum
557 2362 745 2446 permaxime
775 2360 951 2443 evangelica
984 2358 1172 2442 perfectione
1203 2359 1313 2426 debere

128 2488 187 2536 esse
207 2473 397 2554 decoratum,
422 2474 574 2557 siquidem
589 2476 724 2539 testante
740 2492 764 2537 a.
781 2469 958 2555 Augustino
973 2470 1128 2552 perfectus
1144 2471 1315 2536 monachus

127 2579 170 2646 uir
190 2583 338 2648 clericum
359 2584 531 2668 perfectum
554 2583 678 2663 efficiat,
693 2584 837 2650 videlicet
851 2585 877 2648 si
893 2603 965 2648 cum
984 2583 1066 2648 vitae
1082 2582 1247 2647 sanctitate
1262 2581 1317 2646 ad-

128 2691 165 2756 sit
184 2694 316 2760 eruditio
340 2694 506 2762 subiciens.
531 2695 679 2778 Quisquis
702 2695 902 2774 aliterdocet‚
926 2710 988 2758 non
1010 2691 1125 2760 Christi
1148 2691 1316 2776 discipulus

126 2804 174 2870 ned
194 2805 373 2871 antichristi
394 2825 504 2891 praeco
527 2811 583 2874 est.

217 2916 354 2983 Proinde
376 2919 631 3004 congregationes
654 2920 824 2987 secundum
843 2917 910 3002 jam
927 2919 1043 2984 dictam
1058 2918 1195 3001 regalem
1210 2912 1316 2980 Lude·

126 3028 187 3093 uici
203 3031 299 3114 regis,
322 3046 417 3114 quam
440 3031 554 3110 dicunt,
579 3033 719 3117 regulam
750 3031 920 3110 institutae,
950 3029 1098 3113 quoniam
1127 3027 1318 3112 apostolicae

124 3139 317 3222 perfectionis
340 3141 474 3206 culmine
496 3146 602 3208 carent
624 3144 656 3208 in
678 3145 743 3208 suis
765 3142 895 3228 privatis
919 3140 1072 3222 domibus,
1096 3139 1218 3205 deserta
1234 3156 1319 3233 corn·

83 3290 85 3298 ·
125 3249 205 3314 muni
234 3251 339 3330 domo,
375 3243 550 3318 victitantes
580 3253 674 3318 etiam
702 3255 789 3339 ipsae
819 3254 858 3317 ad
887 3269 1109 3335 sexagenorum
1142 3249 1319 3315 cubitorum

124 3359 317 3428 altitudinem
351 3362 490 3447 typicam
524 3366 690 3432 mundialis
725 3367 840 3432 laboris
877 3367 1003 3450 plenam
1037 3362 1208 3447 dispositae
1241 3360 1319 3425 mihi

127 3471 279 3555 sidentur,
303 3473 426 3540 etiamsi
450 3477 576 3560 probari
592 3479 694 3562 possit
716 3496 767 3545 eas
790 3495 845 3562 pro
867 3476 921 3542 illa
943 3474 1080 3540 maneria
1101 3472 1264 3537 hominum
1286 3471 1319 3536 in

120 3581 253 3668 jejuniis,
291 3586 493 3669 elecmosynis
528 3592 560 3654 et
582 3590 764 3656 castimonia
788 3591 884 3656 vitam
906 3588 1016 3652 ducere
1038 3584 1235 3650 laudabilem
1273 3581 1320 3650 At

123 3711 190 3762 soro
214 3697 363 3782 quoniam
386 3697 486 3781 major
507 3717 543 3762 er
566 3699 609 3764 eis
633 3717 780 3765 numerus
804 3699 887 3763 vitiis
910 3694 1006 3761 libere
1027 3692 1208 3772 inserviunt,
1241 3692 1320 3758 divi·

125 3805 180 3872 tias
203 3806 267 3873 sibi
289 3807 327 3873 de
346 3808 438 3874 rebus
461 3825 635 3893 pauperum
651 3809 895 3892 multiplicantes
910 3810 941 3874 et
955 3807 1090 3892 gratiam
1107 3806 1163 3871 Dei
1182 3805 1215 3871 in
1230 3808 1319 3872 luxu·

123 3915 199 3982 nam
222 3917 453 3997 transferentes,
489 3919 677 3986 lomicantes
712 3923 742 3983 et
771 3919 899 4003 insuper
929 3917 1138 3984 sacrificantes
1169 3920 1200 3982 et
1229 3909 1323 4000 quari

123 4029 986 4111 manducantcsdeidolotico,idolatriaeenim
1010 4029 1320 4095 scelusdixerim

122 4138 218 4206 immo
248 4145 280 4206 ct
308 4140 461 4227 scriptura
495 4143 570 4208 dicit
599 4143 725 4208 nolle
755 4142 1054 4224 acquiescere
1084 4143 1125 4206 et
1157 4141 1319 4206 contra

226 4357 723 4431 Mbfflmffllffim.

224 4458 488 4518 'mbffiss

225 4459 1219 4628 thmmmwffifflfflmststmm
