3172 5202
1290 450 1355 517 12⁷

140 610 215 676 tatis
227 627 385 676 consensu
397 608 446 674 vel
458 625 569 674 caueae
582 608 769 676 certitudine
779 611 953 696 roboratur,
978 613 1046 701 quis
1060 619 1108 682 est
1119 617 1152 682 iu
1163 616 1221 684 lrao
1233 621 1352 686 tumul·

140 720 283 788 tutione
296 739 334 788 ac
348 718 574 804 turbineatque
587 718 805 789 incertitudine
820 742 984 793 causarum
996 728 1208 796 laterevalene
1225 731 1352 815 quinon

139 829 275 898 libenter
287 833 387 900 latere
400 830 536 898 debeat?
554 830 631 914 Qui·
649 835 699 898 ert
721 834 775 917 qui
793 855 826 900 se
841 836 922 902 inter
933 839 1212 908 mediumduorum
1224 841 1353 908 concili·

148 959 240 1008 orum
253 944 343 1030 quasi
356 947 489 1012 duorum
501 944 685 1030 montium¹)
696 945 829 1011 invicem
839 947 1049 1033 pugnantium
1059 951 1166 1018 rolens
1177 952 1304 1032 inserat,
1316 955 1353 1018 ut

138 1058 222 1124 hunc
235 1059 284 1124 rel
297 1058 389 1124 illum
401 1056 835 1138 montemtransierat‚alium
848 1057 1350 1144 stabiliattQuisilliusvelillius

137 1186 269 1235 causum
278 1168 505 1235 defendendam
513 1167 753 1234 facileassumat
761 1187 853 1252 quem
862 1172 1043 1237 tentumrel
1052 1175 1175 1239 mutum
1184 1172 1350 1240 concilium

137 1279 269 1346 damnat
290 1283 322 1346 et
341 1278 517 1364 profanat?
539 1278 616 1362 Quis
638 1297 711 1346 vero
734 1280 857 1364 sapiens
879 1301 942 1349 non
963 1283 1102 1371 reiugiat
1119 1305 1177 1371 pro
1199 1286 1254 1352 illo
1266 1287 1347 1353 mori

137 1391 187 1457 rel
208 1390 462 1477 persecutionem
483 1390 549 1475 pati
571 1391 608 1456 de
631 1390 720 1476 quua
743 1409 854 1459 causae
865 1394 992 1478 iustitia
1007 1396 1160 1463 dubitat?
1182 1397 1241 1464 Vix
1263 1397 1347 1462 euim

136 1522 207 1590 pro
239 1503 359 1589 justo
394 1501 686 1588 quismoritur,
723 1504 1232 1589 namprobonoiorsitan
1255 1507 1346 1593 quis

135 1617 286 1683 audeat
307 1613 449 1698 mori.²)
493 1613 570 1695 Quis
592 1616 699 1680 autem
720 1615 840 1681 nesciat
870 1634 1021 1702 magnum
1057 1637 1126 1686 esee
1148 1619 1347 1705 sacrilegium

135 1727 169 1793 iu
192 1728 275 1794 ovile
297 1725 414 1795 Christi
436 1725 613 1810 irrumpere
641 1723 792 1790 uiolenter
813 1726 862 1792 vel
885 1747 902 1791 e
924 1727 1044 1796 diverso
1067 1747 1122 1812 per
1143 1729 1346 1796 simoniacam

134 1840 188 1906 vel
221 1837 455 1906 schismaticam
488 1834 750 1932 conspirationem
784 1837 975 1920 irrepsisse?
1019 1837 1102 1905 Nam
1124 1841 1204 1905 alter
1224 1859 1343 1923 eorum,

135 1950 191 2036 qui
213 1949 369 2034 ejusmodi
390 1951 474 2028 sunt,
497 1946 557 2026 fur,
581 1946 661 2011 alter
684 1963 757 2013 uero
780 1950 812 2011 et
833 1948 914 2014 latro
937 1953 994 2032 eet,
1017 1950 1114 2016 immo
1137 1969 1210 2018 vero
1221 1953 1347 2037 utrique

135 2063 253 2130 talium
284 2063 372 2126 tures
406 2062 481 2126 sunt
501 2062 534 2123 et
555 2059 703 2140 latrones,
737 2076 811 2125 uam
844 2063 876 2124 et
897 2059 950 2126 ille
973 2060 1027 2143 qui
1049 2061 1199 2129 violenter
1231 2063 1344 2149 irrupit

135 2194 212 2243 ores
235 2173 369 2252 furatur,
391 2175 511 2237 mactat
526 2173 558 2236 et
571 2172 676 2256 perdit
697 2175 729 2238 et
751 2171 805 2255 qui
826 2190 882 2254 pro
898 2175 1027 2257 accepta
1048 2173 1179 2257 pecunia
1200 2175 1347 2241 scindunt

134 2284 304 2354 ecclesiam
326 2301 389 2349 non
410 2283 514 2348 minus
538 2281 607 2348 fure
629 2300 666 2348 ao
687 2283 772 2351 Juda
793 2284 953 2368 proditore
975 2282 1175 2350 detestabiles
1197 2285 1344 2353 existunt.

136 2395 292 2464 Scindunt
314 2411 386 2460 vero
410 2392 584 2474 ecclesiam,
608 2411 686 2477 quae
708 2397 757 2460 est
771 2413 884 2479 corpus
901 2393 1027 2476 Christi,
1050 2395 1078 2461 si
1100 2398 1204 2462 tamen
1226 2395 1272 2462 ita
1287 2400 1344 2478 est,

135 2510 176 2574 ut
191 2506 315 2586 dicitur,
331 2503 386 2588 qui
396 2521 452 2588 pro
464 2507 592 2590 accepta
603 2505 734 2588 pecunia
749 2506 899 2571 domnum
912 2505 1144 2592 imperatorem,
1158 2525 1252 2590 quem
1263 2507 1345 2573 mul·

136 2619 307 2687 titudinem
330 2618 419 2702 sequi
441 2615 572 2682 dubium
593 2636 656 2683 non
678 2622 735 2698 est,
761 2618 1082 2685 excommunicaturos
1103 2637 1137 2683 se
1158 2617 1345 2684 sacramenti

136 2729 332 2798 firmitudine
343 2729 553 2814 promiserunt
563 2733 596 2795 et
606 2733 643 2796 ut
653 2730 761 2797 eadem
770 2728 1246 2796 excommunicatioinfuturum
1254 2729 1346 2795 firma

135 2844 336 2930 permaneret
356 2859 393 2907 er
413 2842 594 2907 eorumdem
626 2842 934 2925 compromiteutium
955 2841 1047 2918 coetu
1068 2856 1182 2924 papam
1205 2839 1265 2905 sibi
1286 2857 1343 2924 pro

137 2955 249 3022 eadem
259 2950 537 3037 compromissione
551 2949 752 3016 schismatica
767 2968 803 3017 ae
819 2950 990 3017 simoniaca
1002 2953 1172 3036 elegerunt.
1194 2951 1263 3033 Hos
1275 2968 1343 3036 ego,

138 3067 169 3134 si
185 3065 238 3150 qui
252 3065 331 3130 tales
346 3065 430 3142 suut,
443 3061 582 3128 scindere
593 3062 642 3126 rel
657 3061 787 3128 scidisse
794 3060 902 3145 judico
913 3061 1077 3129 ecclesiam
1087 3080 1144 3129 nec
1158 3061 1345 3147 Judaepro·

137 3178 234 3245 ditari
247 3174 446 3262 paulominus
462 3172 684 3253 sceleratiores,
707 3174 840 3239 maxime
862 3191 934 3240 cum
957 3175 1089 3240 domnus
1111 3173 1282 3259 imperator
1303 3173 1343 3239 ad

140 3305 267 3356 omnem
274 3285 431 3371 justitiam
442 3286 549 3370 legum
560 3285 618 3365 vel,
634 3288 716 3351 certe
732 3285 759 3351 si
773 3285 888 3352 domno
903 3302 1001 3370 papae
1015 3285 1194 3370 placuisset,
1216 3286 1256 3351 ad
1270 3303 1344 3352 eon·

140 3401 247 3473 silium
261 3399 430 3464 electamm
440 3395 594 3462 hincinde
605 3414 808 3480 personarum
819 3399 1041 3481 steroparatus
1053 3395 1147 3464 tuerit
1158 3397 1196 3462 de
1210 3396 1259 3463 his
1276 3415 1343 3463 om·

139 3511 232 3580 nibus
255 3527 350 3595 super
371 3506 484 3592 quibus
507 3506 716 3590 impetebatur
738 3506 873 3592 valjam
895 3506 996 3573 adhuc
1011 3509 1094 3573 stare
1108 3505 1141 3571 in
1156 3507 1264 3572 eodem
1285 3526 1343 3593 pa·

139 3627 229 3692 ratus
251 3621 303 3702 sit,
326 3619 354 3686 si
376 3619 440 3686 siut
461 3619 515 3704 qui
535 3636 618 3684 nuuc
642 3618 719 3683 illud
741 3618 876 3701 recipere
898 3616 1031 3684 debeant
1052 3634 1089 3683 ac
1110 3615 1217 3686 velint.
1261 3617 1344 3685 Nam

139 3735 190 3802 lris
212 3733 266 3819 qui
287 3731 354 3817 ejus
377 3728 637 3798 christianitatem
658 3747 714 3815 pro
736 3728 869 3816 pecunia
883 3727 979 3796 Siculi
1001 3746 1038 3794 ac
1059 3728 1342 3796 Mediolanensium

140 3847 318 3917 vendidisse
339 3845 495 3925 dicuntur,
518 3843 579 3909 nisi
601 3861 694 3927 super
715 3841 774 3910 hoc
795 3841 889 3909 verbo
905 3842 1092 3928 expurgatis,
1114 3861 1177 3909 non
1198 3862 1233 3912 sc
1253 3843 1345 3912 facilc

140 3959 265 4028 credere
285 3956 411 4042 poterit.
433 3991 476 4004 -
498 3951 562 4022 Sed
585 3954 699 4022 dicitur
719 3955 817 4021 mihi:
842 3954 911 4039 quis
934 3956 970 4022 tu
991 3973 1035 4035 es,
1071 3954 1126 4039 qui
1147 3954 1224 4022 talia
1256 3954 1343 4039 loqui

139 4085 322 4157 praesumas
356 4071 388 4135 et
408 4066 496 4152 quari
518 4065 577 4134 tibi
600 4084 760 4136 assumere
787 4065 941 4152 judicium
978 4066 1017 4132 de
1039 4068 1127 4132 muta
1149 4065 1344 4133 sublimitate

139 4181 192 4250 vel
212 4197 416 4267 personarum
437 4179 487 4248 rel
508 4181 702 4248 caumruml
724 4178 785 4248 Sed
806 4177 895 4260 sciat,
918 4177 973 4263 qui
993 4195 1046 4244 me
1066 4174 1142 4246 talia
1163 4177 1342 4262 loquentem

245 4443 265 4514 ¹)
283 4445 339 4502 cod.
357 4445 488 4500 mentium.

245 4547 265 4615 ²)
285 4547 357 4602 Rem.
377 4545 404 4602 5.
424 4545 451 4601 7.
