3168 5214
222 426 285 492 356

223 600 368 674 ,econtra
383 598 505 664 vFilium
527 600 706 684 loquentem
724 599 830 667 audire
864 601 990 666 Patrem
1023 599 1162 682 ejusdem
1192 602 1324 665 naturae
1356 621 1429 664 esse

223 707 373 784 ,Patrem
395 713 428 774 et
449 707 565 775 Filium
586 713 619 775 et
640 709 673 774 in
696 707 796 776 Patre
818 715 850 776 et
871 711 903 775 in
925 709 1006 776 Filio
1028 714 1077 776 est
1104 730 1259 778 connexus
1287 718 1318 780 et
1341 733 1430 781 com·

223 820 347 896 ,munio
370 817 509 907 Spiritus
532 825 670 903 sanctus,
698 823 750 907 qui
772 826 821 888 est
841 821 976 907 Spiritus
1013 823 1165 908 veritatis,
1202 822 1343 909 Spiritus
1376 845 1430 892 sa-

222 933 377 1016 ,pientiae
396 951 459 998 non
479 935 585 1017 potest
604 933 712 999 andire
733 933 850 999 Filium
883 935 1063 1019 loquentem
1096 954 1174 1020 quae
1209 937 1320 1017 nescit,
1354 957 1427 1004 curn

222 1043 299 1121 „hoc
320 1045 427 1130 ipsum
448 1045 500 1128 sit,
514 1048 596 1130 quod
617 1045 776 1131 profertur
797 1046 907 1113 atilio
941 1047 962 1113 i.
1000 1066 1026 1114 e.
1060 1048 1231 1132 procedens
1265 1049 1350 1114 Deus
1387 1051 1427 1115 de

221 1157 317 1239 ,Dea
340 1154 479 1243 Spiritus
501 1157 642 1224 veritatis
663 1159 832 1241 procedens
854 1177 874 1224 a
895 1157 1027 1223 veritate
1050 1161 1082 1225 et
1104 1160 1282 1225 consolator
1295 1178 1426 1226 manans

221 1270 277 1346 ,de
299 1270 506 1336 consolatore.
528 1269 669 1354 Denique
690 1289 729 1336 ne
752 1270 821 1353 quis
840 1270 933 1335 illum
954 1287 974 1334 a
995 1267 1102 1334 Patris
1124 1273 1156 1335 et
1178 1269 1424 1337 rnuvoruntare

221 1381 431 1456 „etsoeietate
442 1381 631 1447 discerneret
652 1381 805 1464 scriptum
828 1384 896 1446 est:
918 1379 1004 1445 Non
1028 1381 1132 1446 euim
1153 1399 1172 1446 a
1195 1383 1426 1467 semetipso

219 1491 417 1575 „loquitur
439 1491 506 1557 sed
528 1492 635 1557 sicut
658 1491 774 1556 audit
795 1489 1010 1576 loquitur.¹)
1028 1491 1085 1556 Oui
1109 1491 1210 1556 simile
1232 1493 1422 1558 etiamdosa

218 1604 303 1688 ,ipso
327 1605 466 1670 salvator
485 1602 653 1686 loquitur:
675 1602 800 1668 Sicut
821 1603 952 1668 audio
976 1605 1015 1668 et
1033 1602 1046 1685 j
1061 1601 1237 1687 noted).
1262 1603 1303 1667 nt
1326 1603 1424 1668 alibi:

218 1713 659 1798 „Nonpotestl'ilius
682 1714 944 1780 arefacere
967 1714 1286 1799 quicquamnisi
1314 1717 1425 1799 qood

217 1826 391 1904 „viderit
413 1825 598 1891 Patrem
620 1825 896 1908 facientem.⁸)“
1370 1805 1373 1812 ⁴

170 1959 212 2029 16
312 1937 398 2003 Haec
420 1936 481 2002 tria
504 1955 540 2000 en
559 1936 624 2001 tuis
647 1935 841 2021 sapientibus
874 1935 1079 2021 patribusque
1102 1937 1281 2003 orthodoxis
1307 1939 1380 2017 tuis,
1406 1957 1429 2002 o·

212 2047 352 2134 Graecia,
366 2048 463 2113 oculis
485 2046 657 2133 ingerimus
682 2047 872 2127 testimonia,
896 2047 986 2113 utin
1010 2067 1064 2114 ore
1086 2050 1221 2113 duorum
1254 2067 1290 2114 ao
1327 2050 1424 2114 trium

212 2178 248 2226 ex
268 2163 324 2225 tua
346 2160 438 2225 domo
460 2159 589 2224 testium
612 2161 676 2222 stet
697 2161 805 2223 contra
828 2163 859 2224 te
881 2157 953 2224 fidei
976 2164 1103 2225 nostrae
1124 2158 1263 2238 verbum,
1277 2160 1422 2243 quamvis

211 2271 316 2356 potius
337 2269 454 2337 nubem
476 2270 605 2336 testium
628 2269 730 2335 dicere
752 2269 872 2352 possim
894 2270 1045 2355 Ephesini
1067 2270 1190 2336 concilii
1213 2271 1421 2336 ducentorum

211 2386 336 2468 patrum
357 2382 539 2448 unanimem
561 2381 760 2449 sententiam.
805 2383 891 2447 Dum
928 2401 1002 2466 ergo
1026 2400 1082 2448 nos
1105 2400 1168 2446 non
1191 2383 1295 2447 solum
1318 2382 1422 2446 Evan-

211 2495 292 2580 gelia
314 2499 345 2560 et
366 2495 527 2580 apostolos
550 2493 645 2558 simol
667 2495 699 2557 et
720 2493 899 2577 prophetas,
923 2491 978 2558 sed
1013 2513 1050 2557 er
1082 2496 1137 2558 tua
1170 2511 1293 2576 quoque
1327 2493 1419 2557 domo

210 2610 315 2672 tantos
339 2609 443 2690 patres
466 2604 538 2671 fidei
560 2607 687 2670 nostrae
709 2608 852 2670 auctores
876 2606 908 2669 et
930 2608 1154 2670 consentaneos
1176 2609 1350 2686 teneamus,
1385 2608 1421 2668 tu

210 2717 288 2797 vide,
303 2736 380 2801 quos
403 2721 476 2782 tuae
497 2715 644 2801 perfidiae
666 2717 821 2801 producas
847 2735 883 2780 ex
904 2715 1049 2800 patribus
1071 2717 1248 2781 reverendis
1272 2734 1421 2801 praecen-

210 2831 304 2894 tores.
327 2826 411 2893 Nam
433 2846 533 2911 neque
556 2825 694 2892 Nicaena
717 2828 865 2909 synodus,
889 2845 989 2910 neque
1011 2826 1112 2892 ullum
1135 2847 1171 2891 en
1194 2829 1329 2910 quatuor
1356 2827 1422 2910 pri·

210 2937 270 3002 mis
293 2939 325 3002 et
346 2933 568 3020 principalibus
591 2936 741 3015 conciliis,
755 2937 808 3001 sed
830 2938 931 3022 neque
954 2937 1421 3021 constantinopolitanamque

209 3049 270 3115 alia
293 3045 449 3133 quaelibet
480 3047 658 3113 authentica
691 3047 828 3131 synodus
861 3047 1094 3131 processionem
1108 3045 1244 3132 Spiritus
1267 3049 1368 3114 sancti
1402 3067 1420 3112 a

209 3159 289 3225 Filio
312 3175 462 3242 umquam
484 3175 597 3242 negare
619 3157 842 3242 praesumpsit,
856 3158 996 3240 quamvis
1014 3159 1144 3223 eandem
1166 3159 1269 3242 ipsam
1291 3159 1421 3225 licenter

209 3269 323 3353 potuit,
361 3269 443 3334 sicut
466 3269 683 3353 ilvangelistae
714 3287 837 3352 quoqne
883 3268 998 3352 singuli
1033 3271 1185 3353 quaedam
1223 3271 1353 3336 licenter
1385 3289 1421 3334 ex

210 3380 302 3446 dictis
325 3380 473 3447 attactis
497 3380 724 3447 Dominidesu
751 3383 924 3460 tacuerunt,
959 3397 1037 3463 quae
1070 3382 1120 3446 vel
1153 3380 1193 3446 ab
1230 3381 1299 3446 aliis
1337 3381 1420 3446 dicta

209 3494 423 3576 cognoverunt
445 3491 496 3558 vel
518 3490 646 3555 dicenda
668 3490 700 3555 iu
720 3488 839 3573 Spiritu
861 3493 1098 3573 praenoverunt,
1135 3494 1191 3556 aut
1221 3496 1305 3558 certe
1342 3510 1420 3575 quaa

209 3603 279 3688 ipse
301 3600 439 3687 Spiritus
462 3599 502 3666 ab
524 3601 593 3666 aliis
632 3601 760 3667 dicenda
793 3602 967 3685 praenovit,
1006 3601 1057 3685 qui
1096 3619 1150 3684 per
1188 3620 1243 3668 ora
1278 3604 1421 3686 ipsorum

209 3715 305 3798 prout
326 3713 425 3778 voluit
447 3713 571 3778 locutus
594 3715 652 3777 est.

166 3818 208 3889 rt
307 3823 362 3889 Sic
395 3842 469 3908 ergo
501 3825 533 3889 et
565 3820 604 3888 ab
641 3823 703 3888 ullis
741 3823 880 3889 conciliis
914 3826 1023 3890 contra
1054 3824 1193 3909 singulas
1231 3826 1280 3890 vel
1313 3825 1418 3908 plures

208 3933 351 3998 haereses
375 3935 491 4018 Spiritu
513 3937 621 4000 sancto
644 3937 771 4000 auctore
793 3936 1011 4000 convenienter
1042 3935 1240 4021 disputatum
1269 3954 1305 4001 ae
1336 3935 1422 4001 ditii-

209 4045 314 4110 nitum
336 4047 394 4110 est.
429 4045 519 4129 Quod
555 4063 628 4110 vero
663 4043 703 4110 ab
739 4045 801 4110 illis
836 4047 874 4112 de
905 4045 1103 4128 processione
1141 4045 1280 4132 Spiritus
1317 4047 1420 4112 sancti

211 4157 364 4225 omissum
386 4161 435 4224 est
456 4158 488 4222 in
510 4157 651 4242 symbolo
676 4157 831 4224 Nicaenae
854 4159 973 4242 synodi,
996 4157 1028 4222 in
1052 4175 1113 4241 qua
1135 4159 1281 4224 nullaest
1299 4158 1418 4223 mentio

216 4399 464 4407 m...-

314 4495 334 4566 ¹)
352 4499 424 4552 toan.
447 4499 490 4552 16.
512 4498 555 4552 13.
580 4527 608 4538 —·
632 4495 652 4566 1)
673 4499 745 4551 ioan.
766 4497 809 4552 16,
829 4499 872 4553 13.
899 4527 929 4537 -
954 4494 976 4565 ⁸)
995 4499 1067 4552 Jcan.
1089 4496 1114 4553 5.
1136 4497 1180 4552 19.
