3172 5202
1267 425 1268 429 ¹
1284 403 1346 471 185

133 575 345 644 Antichristo.
370 533 544 662 repositum
566 575 609 642 sit
629 578 685 641 aut
706 575 837 644 eeclesia
872 593 935 672 non
957 574 1034 643 satis
1055 573 1213 662 prioribus
1235 575 1347 662 agoni·

133 707 202 776 bus
224 725 370 795 perpessa
392 709 444 790 sit,
477 708 523 773 ita
544 727 578 774 se
600 707 705 794 opinio
726 691 899 772 multorum
921 707 955 771 in
976 705 1118 773 futurum
1139 705 1177 772 de
1198 722 1343 790 perseeu-

134 836 281 905 tionibus
293 837 480 906 Antichristi
499 837 644 918 extendit,
668 839 703 901 ut
717 853 797 921 pene
814 834 893 902 nihil
907 835 947 901 ad
962 835 1175 921 impletionem
1192 834 1345 919 ejusmodi

136 967 370 1054 seripturarum
406 969 524 1052 priores
547 965 745 1032 crudelitates
768 968 799 1031 et
823 965 971 1032 eoelesiae
991 982 1106 1052 agones
1129 965 1240 1032 fouisse
1262 963 1346 1032 arbi·

133 1101 271 1165 trentur.
292 1097 381 1165 Unde
404 1098 486 1166 sieut
518 1097 556 1163 de
579 1096 697 1163 sanetis
719 1093 905 1162 animalibus
929 1094 1162 1180 scriptumest,
1197 1096 1344 1184 quoniam

135 1227 265 1294 oanlata
285 1226 403 1293 suerint
423 1229 495 1292 ante
517 1229 549 1291 et
570 1228 664 1306 retro,
685 1223 763 1292 libet
785 1226 908 1292 oeeulos
925 1225 1038 1292 mentis
1060 1227 1145 1290 reate
1165 1223 1290 1291 fleetere
1313 1228 1345 1292 et

136 1343 483 1442 antiquae'impietetis
505 1359 709 1440 portentuosa
735 1363 876 1421 monstra
897 1374 953 1421 nee
973 1374 1035 1421 nou
1058 1355 1203 1420 ecelesiae
1225 1373 1341 1450 agones
1369 1338 1372 1344 ’

134 1487 325 1571 praeteritos
356 1504 428 1552 eum
450 1486 569 1551 eisdem
595 1485 733 1570 tyrannis
766 1483 890 1550 habitos
924 1503 997 1551 oum
1019 1484 1344 1568 seripturis'reritatis

136 1614 291 1698 conferre,
314 1617 342 1682 si
364 1617 445 1683 lorte
467 1617 551 1684 illius
570 1615 689 1684 bestiae
707 1618 898 1703 principalis,
918 1636 995 1703 quae
1009 1618 1196 1685 Antichristi
1217 1618 1343 1686 nomine

137 1745 266 1832 proprie
287 1748 441 1814 aensenda
475 1750 532 1828 est,
566 1751 650 1814 certa
685 1748 816 1834 uestigia
838 1749 996 1814 valeamus
1017 1748 1164 1816 inuenire.
1207 1749 1249 1815 111
1271 1749 1343 1832 quia

136 1876 342 1962 praesedente
363 1876 469 1944 libello
491 1894 537 1958 ea,
559 1879 741 1962 quaeeima
764 1880 919 1966 templum
940 1878 1154 1948 manuleatum
1175 1875 1245 1944 aeta
1268 1880 1343 1944 sunt

138 2023 213 2074 oum
235 1985 335 2092 gestis
350 2007 569 2076 ecelesiastiois
586 2007 770 2077 conferendo
792 2011 825 2076 et
845 2008 885 2076 ab
907 2009 951 2075 eis
967 2009 1230 2078 abominationem
1253 2009 1343 2080 deso·

138 2135 266 2225 lationis
299 2138 513 2222 quaeritando,
551 2140 640 2223 quasi
673 2140 829 2226 quandam
860 2141 1040 2227 indaginem
1061 2139 1242 2222 struximus,
1262 2155 1345 2206 nune

137 2263 267 2332 admota
288 2265 514 2350 seripturarum
536 2265 661 2335 luoorna
682 2269 765 2336 intra
788 2270 855 2355 ejus
877 2269 1031 2337 ambitum
1054 2287 1140 2336 more
1155 2268 1344 2349 venantium,
1431 2264 1434 2270 '

139 2399 294 2484 qnantum
313 2397 452 2465 Domino
486 2399 617 2467 ducente
648 2418 826 2484 possumus,
859 2399 980 2467 bestiae
1012 2395 1180 2465 latibulum
1202 2398 1345 2484 sagacius

138 2529 367 2615 investigemus
382 2527 417 2612 ι),
451 2529 552 2597 seemi
584 2549 667 2630 nune
699 2531 738 2598 de
769 2529 854 2596 illius
886 2526 1054 2609 morsibus,
1085 2527 1232 2614 quoniam
1265 2527 1347 2596 sient

140 2658 296 2744 seriptum
318 2662 368 2728 est
388 2659 471 2727 fuit
492 2664 533 2726 et
554 2678 631 2726 non
654 2663 730 2742 est,
764 2679 800 2726 ex
822 2661 964 2730 maxima
980 2660 1028 2725 sui
1049 2662 1138 2744 parte
1159 2659 1345 2747 praeterisse
1449 2660 1453 2668 '

136 2789 210 2876 jam
230 2791 373 2878 putanda
395 2794 453 2858 est.

242 2922 348 2990 Primo
370 2937 455 3004 sane,
477 2924 514 2988 ut
534 2923 568 2988 in
590 2922 674 2990 caleo
694 2922 910 3010 praecedentis
932 2923 1030 2991 libelli
1052 2923 1196 3004 diximus,
1219 2920 1346 3010 propria

139 3047 232 3118 nobis
253 3053 303 3118 vel
324 3050 495 3137 singularia
527 3050 610 3119 ritae
631 3052 769 3120 auctoris
790 3053 918 3120 Domini
950 3053 1051 3120 nostri
1072 3051 1151 3122 Jesu
1173 3049 1291 3121 Christi
1312 3049 1346 3116 in
1446 3047 1447 3050 ’

138 3180 210 3266 ipso
231 3184 264 3248 et
283 3181 317 3247 in
338 3181 405 3267 ejus
437 3199 566 3269 eorpore
587 3182 747 3268 pensanda
770 3185 853 3264 sunt,
890 3186 1043 3268 quantum
1064 3182 1210 3250 videlieet
1230 3179 1348 3267 exigui-
1460 3226 1463 3230 .

140 3313 202 3380 tati
222 3315 348 3382 nostrae
368 3311 518 3400 possibile
550 3317 599 3380 est
621 3317 653 3381 et
674 3316 827 3400 quantum
860 3312 1032 3401 praesentis
1066 3309 1168 3396 operis
1190 3310 1270 3377 ratio
1292 3329 1350 3394 po·

143 3443 251 3526 stolat,
272 3445 309 3510 ut
324 3462 360 3510 ex
373 3443 515 3529 opposito
531 3441 720 3511 Antichristi
743 3461 866 3530 quoque
881 3442 1009 3529 propria
1023 3441 1161 3508 iuvenire
1176 3441 1347 3508 valeamus.

244 4521 266 4595 ¹)
283 4525 340 4582 eod.
361 4527 533 4582 investiamur.
