3158 5212
1280 433 1322 498 77

113 598 253 683 dumque
273 599 306 664 in
322 599 414 665 unius
429 599 489 664 Dei
502 596 697 685 professione
719 597 882 667 nobiscum
905 605 1019 682 essent,
1042 605 1147 668 tamen
1162 605 1320 669 aureolam

113 707 292 775 haeresium
304 727 441 790 suarum,
465 711 626 775 mendacia
637 714 846 791 monstruosa,
869 731 932 777 non
945 713 1155 778 deserebant?
1179 715 1320 796 Quarum

112 817 291 886 haeresium
312 821 362 886 vel
385 820 562 906 catalogum
583 840 773 906 proponere,
802 823 918 887 nedum
946 825 1054 889 contra
1085 825 1225 908 singulas
1255 825 1320 890 dis-

112 931 225 1014 putare
248 930 343 1014 hujus
366 932 509 1017 opusculi
530 951 594 998 non
615 933 747 1016 requirit
768 933 908 1014 intentio,
939 953 995 1000 neo
1017 935 1157 1000 admittit
1179 934 1317 1002 brevitas

113 1042 169 1107 sod
200 1041 233 1107 id
266 1061 360 1110 nosse
381 1045 459 1110 satis
482 1044 532 1126 sit,
565 1043 720 1109 malitiam
749 1044 913 1110 hominum
945 1064 1023 1131 opus
1056 1046 1315 1112 reaedificationis

112 1152 353 1238 impedientium
389 1155 529 1239 pensatis
557 1155 712 1237 omnibus,
749 1173 827 1239 quae
858 1155 939 1222 oiroa
962 1156 1073 1241 templi
1096 1155 1247 1223 fabricam
1269 1158 1319 1223 vel

113 1267 237 1329 statum
258 1268 349 1350 gesta
370 1268 453 1346 sunt,
478 1265 612 1330 manime
634 1275 745 1350 typum
759 1267 944 1349 praetulisse
960 1266 1197 1350 haereticorum,
1222 1269 1322 1353 quiet

111 1376 176 1461 ipsi
190 1378 340 1444 ecclesiae
350 1377 411 1443 Dei
426 1381 501 1463 post
515 1380 751 1463 persecutorum
761 1378 957 1462 tyrannidem
976 1379 1065 1462 quasi
1078 1383 1151 1462 post
1161 1377 1320 1463 babylonu-

113 1503 184 1552 cam
200 1486 419 1573 captivitatem
431 1486 673 1554 reaedificandae
687 1487 859 1554 maximum
871 1488 1039 1555 extiterrmt
1048 1488 1319 1576 impedimentum.

563 1779 674 1846 Gap.
694 1777 875 1834 XXXV.

108 1902 158 1970 lle
179 1901 284 1970 Aman
305 1901 397 1969 hoste
419 1899 618 1969 Judaeorum
645 1900 680 1969 in
709 1919 770 1988 quo
791 1901 903 1989 typum
930 1901 1168 1970 haereticorum
1197 1901 1318 1970 toneat.

212 2087 273 2156 Sed
293 2090 325 2153 et
345 2087 423 2153 illud
444 2088 484 2153 ad
506 2087 640 2172 figuram
661 2087 890 2154 haereticorum
910 2088 1052 2154 nonnihil
1067 2088 1151 2170 facit,
1177 2088 1259 2173 quod
1274 2089 1307 2153 in

107 2201 219 2266 eodem
240 2217 336 2284 regno
358 2199 525 2264 Medorum
545 2219 600 2282 per
622 2199 725 2264 Aman
747 2199 871 2264 hostem
893 2201 1086 2266 Judaeorum
1109 2203 1216 2265 contra
1244 2218 1317 2266 ean-

109 2311 184 2376 dem
195 2313 322 2394 gentem
334 2308 475 2375 diabolus
489 2310 685 2376 machinatus
699 2313 747 2376 est
758 2330 865 2396 regem
877 2310 1121 2376 circumveniens
1130 2311 1315 2391 noseorum,

110 2424 266 2506 quatenus
289 2423 320 2486 et
341 2419 586 2486 Mardochaeum
608 2422 691 2487 eruci
712 2421 855 2506 affigeret
877 2425 909 2488 et
931 2424 998 2487 tota
1019 2440 1095 2506 gens
1122 2421 1316 2488 Judaeorum

108 2551 174 2598 una
196 2532 246 2598 die
260 2531 472 2616 perimeretur.
496 2530 558 2598 Sed
580 2533 757 2599 interuentu
778 2532 903 2618 reginae
924 2533 1038 2599 Ilsther
1060 2533 1149 2597 dolus
1173 2533 1204 2598 et
1228 2531 1317 2596 dolor

111 2642 179 2728 eJus
201 2643 234 2708 in
257 2634 354 2727 caput
372 2643 470 2726 ipsius
493 2660 659 2708 conuersus
691 2646 739 2708 est
767 2642 852 2708 etin
874 2643 1022 2709 verticem
1044 2641 1142 2725 ipsius
1164 2641 1314 2725 iniquitas

110 2751 178 2836 ejus
202 2753 370 2819 descendit.
391 2753 476 2820 Nam
499 2754 532 2818 in
553 2753 705 2839 patibulo,
729 2755 811 2837 quod
826 2756 992 2837 paraverat
1007 2751 1224 2833 Mardochaeo‚
1248 2751 1315 2837 ipse

109 2884 283 2950 suspensus
312 2866 360 2930 est
392 2864 529 2948 itemque
556 2865 663 2930 decem
684 2865 742 2931 filii
762 2865 828 2950 ejus
851 2865 884 2929 in
906 2865 1055 2948 patibulis
1078 2863 1163 2928 affixi
1184 2862 1313 2946 insuper

110 2978 143 3042 et
165 2994 284 3055 omnes,
317 2975 371 3060 qui
401 2995 434 3041 se
464 2977 503 3042 ad
533 2995 642 3042 necem
664 2976 858 3043 Judaeorum
885 2978 1070 3060 paraverant
1092 2992 1184 3040 versa
1206 2973 1314 3039 rioea

109 3086 241 3154 Judaois
263 3087 419 3153 interfecti
442 3091 524 3154 sunt.
560 3087 620 3155 Sed
648 3091 679 3153 et
707 3087 767 3154 hoc
799 3087 881 3172 quod
903 3087 1129 3153 lllardoohaeus
1155 3084 1314 3151 somnium

111 3217 206 3262 suum
232 3216 408 3283 exponens:
431 3200 520 3278 duo,
543 3198 654 3282 inquit,
678 3199 866 3264 dracones
890 3217 959 3283 ego
983 3217 1066 3264 sum
1088 3201 1126 3264 et
1147 3196 1315 3283 Aman1),

109 3327 172 3374 non
196 3307 298 3375 solum
319 3308 547 3376 haereticorum
568 3309 719 3375 astutiam
741 3311 795 3376 sed
811 3313 842 3376 et
858 3312 1038 3375 sanctorum
1052 3309 1184 3374 Petrum
1200 3309 1312 3393 mysti-

110 3423 162 3486 cat
194 3420 400 3504 prudentiam.
435 3420 518 3486 Nam
548 3419 629 3485 sicut
656 3420 689 3486 in
716 3423 798 3487 malo
828 3421 873 3486 ita
903 3424 934 3486 et
955 3419 988 3483 in
1009 3418 1091 3485 bono
1115 3437 1241 3502 serpens
1264 3421 1315 3486 rel

110 3530 205 3597 draco
227 3548 462 3615 nonnumquam
483 3531 516 3597 in
539 3531 703 3616 scripturis
735 3532 898 3616 accipitur.
932 3531 1022 3596 Unde
1050 3532 1099 3595 est
1122 3529 1200 3595 illud
1233 3532 1315 3614 quod

110 3640 200 3726 virga
221 3641 325 3725 Moysi
346 3660 437 3708 versa
458 3641 491 3706 in
514 3642 680 3708 draconem
702 3643 850 3709 dracones
874 3639 1043 3726 Magorum
1065 3640 1241 3721 devoravit,
1264 3641 1313 3706 ni-

112 3752 230 3816 mirum
262 3751 295 3816 in
327 3756 440 3837 typum
462 3753 638 3818 haeresium
664 3773 721 3839 per
742 3753 939 3838 prudentiam
957 3751 1116 3836 justorum
1139 3749 1313 3818 annihilan-

110 3862 232 3928 darum.
264 3859 354 3928 Sicut
382 3861 489 3948 itaque
510 3883 565 3948 per
586 3882 715 3930 manum
737 3863 842 3948 Moysi
864 3865 956 3930 draco
980 3863 1129 3929 dracones
1152 3864 1312 3929 devorarit

110 3976 141 4038 et
171 3972 327 4059 quomodo
349 3970 389 4057 {in
418 3973 539 4039 somnio
571 3973 770 4040 Mardochaei
798 3976 890 4041 draco
921 3993 940 4039 a
969 3974 1101 4040 dracone
1122 3974 1224 4041 rietus
1247 3977 1312 4041 est:

110 4084 154 4150 ita
182 4088 216 4152 et
245 4081 413 4149 certamine
437 4083 520 4150 inter
547 4084 774 4151 haereticorum
803 4087 954 4152 astutiam
984 4090 1016 4152 et
1037 4088 1218 4152 sanctorum
1240 4105 1315 4170 pru·

109 4194 249 4261 dentum
282 4197 439 4260 commoto
473 4195 623 4281 sapientia
656 4197 731 4263 vicit
765 4197 918 4264 malitiam
951 4198 1150 4283 attingens
1184 4215 1203 4262 a
1231 4196 1248 4261 f
1252 4196 1312 4282 ine

109 4324 235 4390 usque
257 4305 304 4370 ad
326 4304 443 4372 finem
466 4305 646 4389 fortiter,
681 4308 898 4393 disponens
934 4309 1060 4408 omnia
1090 4305 1312 4395 suaviter.²)

112 4441 362 4454 ——u—n—

213 4486 233 4556 ¹)
251 4488 324 4541 Esth.
349 4483 392 4540 10.
413 4485 436 4540 7.

211 4577 233 4649 ²)
251 4579 310 4648 Sap.
330 4579 356 4634 8.
377 4579 402 4634 1.
