3172 5202
1267 411 1329 480 173

122 583 240 668 quitali
252 584 394 653 occurrat
405 582 524 651 dicens:
542 581 735 648 occidisti
750 581 915 667 insuper
928 586 963 648 et
976 581 1245 669 possedistitss)
1257 583 1327 662 Ubi,

119 697 264 780 inquam,
276 695 362 762 Elias
385 699 421 760 ut
442 695 588 778 supplens
611 694 643 760 id
665 694 749 777 quod
770 693 963 760 inRomauis
987 696 1084 778 deest,
1109 698 1330 760 convertat

121 803 1330 901 eorpatruminfilioseteoruefilioruminpetreseorum2)

120 919 221 986 simul
240 921 271 984 et
290 918 376 1003 ipsos
409 918 566 984 instruens
589 915 749 984 Romanos
780 919 933 1000 quatenus
963 917 1064 983 'sciant
1086 937 1120 982 se
1141 935 1203 982 non
1224 918 1257 982 in
1280 918 1329 983 de·

122 1030 334 1098 structionem
351 1030 405 1096 sed
422 1030 454 1094 in
469 1027 716 1096 aedificationem
731 1029 932 1094 ecclesiarum
946 1031 1137 1114 potestatem
1151 1029 1330 1112 accepisse?

119 1142 252 1218 Etenim
286 1141 436 1210 ecclesiae
468 1141 630 1206 universae
660 1158 771 1224 corpus
803 1159 875 1206 cum
898 1140 941 1206 sit
962 1159 1068 1221 unum,
1103 1145 1152 1208 est
1173 1145 1278 1208 tamen
1299 1144 1331 1206 et

118 1253 155 1317 in
179 1250 321 1321 membra
356 1251 485 1336 pulchra
507 1252 658 1317 varietate
680 1250 932 1332 subinductum,
966 1253 1011 1317 ita
1046 1257 1081 1318 ut
1104 1253 1256 1337 quaedam
1279 1271 1331 1318 ec-

119 1365 238 1440 clesiae
271 1363 366 1430 etiam
400 1361 541 1428 membra
562 1363 600 1428 de
621 1362 762 1429 membro
781 1363 852 1429 siut.
898 1364 1010 1429 Posuit
1032 1382 1169 1448 namque
1188 1365 1273 1430 Deus
1295 1363 1330 1428 in

119 1476 256 1544 ecclesie
287 1475 388 1559 primo
423 1474 600 1542 Romanum
621 1473 814 1557 Pontificem,
850 1475 959 1541 deiude
988 1474 1188 1545 Patriarohas
1212 1479 1244 1541 et
1265 1477 1334 1560 pri·v

119 1590 238 1667 males,
260 1586 621 1670 tertioarchipraesules
645 1585 754 1651 deinde
786 1605 841 1670 per
871 1585 1011 1652 ciuitates
1034 1587 1194 1671 episcopos
1217 1590 1249 1653 et
1270 1587 1329 1653 sub

119 1699 277 1784 episcopis
298 1698 498 1784 presbyteros
522 1701 553 1764 et
574 1697 711 1783 reliques
734 1698 808 1764 cleri
831 1697 953 1764 ordines
976 1698 1148 1765 collocarit.
1189 1697 1222 1765 Si
1244 1718 1327 1784 ergo,

119 1810 388 1894 quemadmodum
410 1809 448 1874 de
471 1809 602 1876 Caesare
623 1827 642 1874 a
664 1809 800 1894 quodam
822 1810 941 1875 dictum
961 1813 1018 1889 est,
1041 1810 1202 1876 Romanus
1219 1809 1330 1876 Ponti-

117 1922 174 1988 fex
195 1920 299 1986 omnia
321 1920 375 1988 ubi
396 1923 535 2006 corpus?
578 1921 660 2004 Quid
681 1923 788 1988 autem
816 1921 945 2006 prodest
978 1921 1155 2004 quempiam
1189 1921 1326 1988 civitatis

117 2032 207 2098 illins
229 2035 284 2098 aut
304 2032 389 2098 illius
411 2032 591 2116 episcopum
612 2032 672 2099 dici
695 2035 727 2098 et
748 2032 776 2098 ei
798 2030 837 2098 ab
860 2031 998 2115 eJ'usdem
1021 2032 1157 2097 ciuitatis
1179 2030 1324 2098 domibus

118 2143 322 2210 contradici?

222 2255 295 2322 Non
318 2274 375 2340 ego
397 2273 479 2321 nunc
512 2258 620 2322 contra
653 2273 748 2321 noras
783 2257 933 2340 quasdam
970 2254 1179 2322 ordinationes
1200 2257 1322 2341 loquor,

117 2365 236 2450 quibus
258 2366 298 2434 ab
320 2366 395 2451 ipsis
430 2366 647 2434 fundatoribus
681 2369 835 2452 quaedam
871 2367 1019 2435 coenobia
1043 2369 1168 2452 speciali
1192 2369 1326 2436 Romani

118 2477 285 2544 Pontificis
301 2465 494 2544 obedientiae
509 2479 717 2563 assignantur,
741 2480 886 2563 quamvis
909 2479 969 2546 hoe
987 2479 1091 2563 ipsum
1113 2498 1176 2545 non
1198 2479 1326 2562 probem

118 2595 154 2658 et
174 2591 388 2658 inordinatum
410 2589 595 2669 existimem,
634 2591 897 2674 quemadmodum
920 2591 947 2656 si
969 2607 1079 2656 manus
1102 2589 1142 2654 ab
1167 2608 1241 2656 aure
1263 2609 1326 2657 non

117 2699 305 2784 interposito
338 2700 463 2766 brachio
500 2704 549 2768 rel
582 2722 638 2788 pes
661 2721 680 2768 a
702 2703 820 2769 femore
842 2703 908 2768 sine
940 2702 1175 2785 interpositione
1209 2703 1324 2769 crurris

118 2812 303 2896 dependeat,
326 2831 389 2878 non
409 2814 538 2898 iuquam
561 2819 669 2882 contra
691 2815 748 2880 has
768 2833 863 2880 noras
878 2814 1100 2893 institutiones,
1124 2813 1188 2878 sive
1210 2832 1324 2898 aequas

118 2923 187 2992 sive
209 2923 343 3007 iniquas,
361 2925 480 3008 loquor,
504 2925 559 2991 sed
580 2923 658 2992 bene
680 2925 852 3010 antiquitus
875 2925 1017 2991 ordinata
1039 2925 1169 2992 convelli
1192 2944 1246 3010 per
1269 2945 1326 3011 pe·

117 3037 230 3104 eunias
254 3037 285 3100 et
306 3036 346 3102 ad
367 3035 574 3120 perditionem
606 3036 782 3102 animarum
816 3036 947 3103 fovendo
981 3036 1124 3103 videlicet
1148 3036 1331 3120 superbiam

117 3147 287 3214 rebellium
306 3147 341 3212 in
362 3146 498 3212 deterius
536 3146 661 3212 institui
682 3145 722 3211 ab
744 3147 793 3212 his
815 3147 999 3230 praesertim
1023 3165 1155 3230 quorum
1177 3147 1327 3214 intererat

117 3259 258 3326 aliorum
278 3277 441 3344 perperam
462 3261 532 3324 acta
554 3249 709 3343 corrigere
730 3261 762 3324 et
784 3259 991 3344 superborum
1012 3258 1178 3324 intentioni
1200 3257 1325 3324 obviare

118 3389 180 3456 ego
214 3369 454 3436 abominandam
487 3371 711 3436 desolationem
744 3371 844 3437 dicere
877 3391 939 3438 non
973 3369 1179 3436 dubitaverim
1203 3373 1235 3436 et
1256 3387 1325 3436 eam

120 3484 262 3548 stantem
276 3482 309 3548 in
324 3485 391 3550 loco
408 3487 516 3549 sancto
532 3485 626 3548 etiam
642 3484 669 3550 si
690 3483 807 3568 absque
820 3484 997 3550 interventu
1017 3482 1204 3548 simoniacae
1224 3482 1328 3568 previ-

118 3593 198 3659 tatis
219 3592 279 3659 hoc
300 3593 388 3660 fieret
419 3593 452 3660 iu
488 3595 634 3663 deterius.
679 3595 754 3678 Quis
778 3596 860 3662 enim
891 3596 978 3662 locus
1011 3595 1044 3660 in
1075 3593 1166 3660 terris
1200 3595 1272 3660 sede
1294 3592 1324 3659 b.

118 3706 210 3772 Petri
242 3706 377 3791 apostoli
410 3705 546 3771 sanctior
580 3705 612 3770 in
646 3726 706 3790 quo
741 3707 883 3773 videlicet
920 3709 1022 3773 claves
1055 3705 1144 3790 regni
1167 3707 1325 3773 coelorum

117 3816 253 3904 repositi
275 3819 373 3884 eunti
417 3816 462 3883 At
479 3816 548 3901 jam
571 3817 680 3900 dietae,
716 3818 858 3903 superius
884 3837 1008 3904 quoque
1029 3821 1156 3885 notatm
1178 3818 1326 3884 desolati·

118 3945 198 3993 ones
220 3927 252 3991 in
275 3927 383 3994 eodem
417 3931 524 3994 sancto
557 3930 624 3995 loco
642 3928 711 4014 jam
733 3949 769 3995 er
794 3931 953 4014 aliquanto
987 3933 1128 4016 tempore
1160 3933 1325 3997 steterunt.

115 4039 163 4106 Et
185 4037 392 4106 abominanda
425 4039 551 4126 quidem
572 4039 667 4107 fuerit
688 4041 838 4108 desolatio
860 4043 894 4109 in
915 4043 983 4108 loco
1021 4044 1129 4110 sancto
1152 4041 1325 4126 intemplo

115 4149 329 4234 Jerosolymis
351 4149 520 4237 imaginem
542 4151 684 4221 Caesaris
703 4153 753 4220 rel
774 4153 891 4238 aliquid
913 4152 996 4220 aliud
1020 4152 1224 4225 simulacrum
1258 4170 1326 4219 ma-

229 4415 247 4486 ¹)
265 4416 315 4474 111.
336 4435 391 4486 reg.
410 4418 454 4473 21.
475 4418 517 4474 19.

227 4517 247 4587 ²)
266 4518 381 4573 Mataei,
401 4517 427 4574 4.
447 4517 472 4570 6.
