3158 5212
1263 427 1306 494 47

100 598 198 666 laicas
221 597 377 684 ancum)
399 598 579 684 dispensare
595 595 782 681 dignitates,
796 598 836 662 ud
859 597 1068 683 episcopalem
1090 618 1162 666 vero
1185 601 1305 685 apicem

100 710 184 780 vitae
206 710 328 777 maritis
351 712 383 775 et
404 709 554 776 electione
590 708 664 774 cleri
686 708 887 792 praecedente
909 728 964 793 per
987 709 1170 794 episcopalis
1193 730 1305 778 manus

97 821 334 906 impositionem
369 818 556 886 veniendum
593 817 676 884 sicut
711 819 929 901 praedecessor
966 839 1087 904 quoqne
1120 821 1187 906 ejus
1210 823 1306 915 ,Papa

97 932 251 1000 Nicotaus
275 935 402 1000 strenue
423 933 567 1015 coeperat
598 929 743 996 ecclesias
767 932 799 996 et
820 931 1030 997 ecelesiastica
1053 930 1157 998 officia
1179 950 1303 998 eornm·

98 1065 158 1130 qne
181 1041 392 1112 ordinationes
425 1038 639 1108 sacerdotibus
663 1043 696 1106 et
717 1041 934 1108 ecclesiasticis
967 1042 1108 1126 personis
1131 1043 1303 1110 vendicare.

97 1156 178 1222 Post
199 1156 318 1220 multas
339 1151 446 1236 igitur,
457 1151 594 1235 inquam,
616 1150 714 1218 fortes
736 1152 963 1219 admonitiones
985 1172 1159 1240 gravesque
1181 1173 1305 1240 correp·

96 1265 213 1346 tiones,
234 1266 307 1348 post
329 1262 468 1329 fomenta
488 1259 620 1328 blandae
630 1261 844 1330 instructionis
867 1267 899 1329 et
920 1264 1142 1334 exhortationis
1165 1266 1304 1336 adhibita

98 1394 173 1443 oum
195 1375 276 1442 nihil
296 1373 346 1440 his
370 1372 514 1440 omnibus
543 1373 728 1460 profecisset
748 1373 829 1441 ferro
852 1376 978 1441 tandem
999 1377 1199 1460 praecisionis
1227 1400 1303 1448 usus

94 1490 145 1555 est
166 1487 295 1552 tradens
316 1485 469 1569 ejusmodi
482 1485 508 1570 ²)
538 1485 686 1552 sathanae
722 1485 755 1551 in
790 1486 954 1555 interitum
989 1488 1090 1555 carnis
1110 1492 1147 1554 ut
1170 1491 1299 1574 spiritus

95 1597 206 1664 mites
227 1596 317 1664 fieret
337 1597 371 1663 in
392 1595 477 1685 die³)
500 1597 636 1664 Domini.
659 1599 772 1682 Itaque
794 1599 914 1664 dicente
929 1599 1079 1666 Domino:
1103 1599 1187 1666 Non
1207 1603 1302 1668 reni

93 1726 237 1794 pacem
271 1707 441 1775 mittere
471 1709 537 1774 sed
574 1704 784 1794 gladium4)
822 1709 909 1774 misit
941 1712 973 1776 ct
1004 1709 1071 1793 ipse
1103 1711 1189 1777 uelut
1221 1713 1301 1780 alter

92 1818 309 1886 Maohsbaees
330 1818 480 1903 gladium,
519 1839 579 1905 qno
602 1820 662 1887 etsi
683 1838 746 1884 non
768 1820 936 1904 corrigeret
969 1822 1083 1886 saltem
1106 1821 1302 1905 perturbaret
1320 1861 1334 1886 e

91 1931 230 2015 iniquos,
263 1949 303 1996 ne
335 1929 417 1996 forte
450 1931 553 2016 gladio
575 1929 662 1998 uerbi
684 1931 742 1996 Dei
778 1948 907 2014 parcens
941 1932 1071 1998 tacendo
1107 1933 1301 2000 consensisse

90 2043 252 2110 rideretur
274 2044 307 2109 et
327 2041 424 2108 libere
447 2047 645 2128 grassaretur
665 2041 823 2126 iniqnitas.
853 2043 955 2126 Quam
976 2062 1048 2110 vero
1071 2062 1133 2111 non
1154 2062 1300 2129 praeceps

90 2156 150 2221 ant
170 2153 260 2234 levis,
297 2153 394 2218 imme
418 2172 490 2220 rere
513 2154 673 2220 modestus
696 2152 729 2218 in
751 2153 851 2218 danda
873 2153 906 2218 in
929 2173 1001 2218 eum
1023 2155 1298 2221 excommunicati·

91 2265 163 2332 onis
186 2265 342 2331 sententia
356 2262 384 2350 ⁶)
407 2264 491 2332 idem
507 2263 677 2349 Gregorius
694 2263 779 2347 Papa
796 2263 867 2344 VII,
884 2264 1021 2330 extiterit
1042 2259 1141 2349 ipsius
1163 2268 1300 2332 testatur

90 2372 291 2459 apologetice
324 2373 456 2458 epistola
489 2373 641 2458 episcopis
674 2391 711 2439 ao
732 2371 922 2459 principibus
946 2375 1077 2460 aliisque
1098 2376 1242 2443 fidelibus
1264 2375 1298 2441 in

89 2501 190 2568 regno
223 2483 379 2550 teutonico
413 2484 591 2552 constitutis
627 2485 759 2563 directa,
802 2503 896 2569 quam
928 2486 1022 2552 etiem
1054 2487 1126 2554 huic
1149 2487 1298 2572 opusculo

89 2596 202 2662 nestro
227 2612 290 2661 non
305 2593 499 2680 superfluum
513 2595 656 2662 duximus
671 2595 816 2662 inserere.
840 2596 1007 2664 Contentus
1030 2599 1077 2664 ita
1099 2618 1133 2666 se
1153 2592 1295 2680 habeta)

89 2901 382 3049 Gregorius,
414 2903 689 3051 Episcopus
713 2940 886 3022 servus
922 2941 1175 3023 servorum
1192 2907 1296 3024 Dei

90 3096 267 3181 „Omnibus
289 3096 466 3187 Episcopis,
499 3096 649 3182 lincihns,
690 3098 862 3168 comitibus
885 3100 1066 3189 ceterisque
1088 3103 1238 3172 fidelihus
1260 3105 1296 3173 in

90 3226 218 3296 „regne
241 3207 489 3278 tentonicorum
521 3209 735 3278 christianam
767 3211 863 3279 fldem
885 3212 1135 3284 defendentihus
1157 3216 1296 3286 salntem

415 3320 449 3389 et
470 3321 680 3411 aposhlicem
702 3321 970 3394 benedictionem.

194 3503 399 3580 „Audivimus
423 3510 579 3592 quondam
601 3510 682 3577 inter
703 3532 759 3578 vos
782 3512 819 3578 de
842 3514 1166 3595 excommunicatione,
1199 3530 1293 3598 quam

91 3615 144 3696 ,in
165 3634 274 3702 regem
294 3617 436 3700 fecimus,
459 3619 601 3688 dubitare
625 3641 662 3690 ao
684 3641 839 3708 quaerere,
862 3623 1066 3709 utrnmjuste
1081 3624 1292 3691 excommnni-

90 3732 200 3807 ,cetus
224 3727 267 3794 sit
287 3732 319 3795 et
334 3729 483 3798 sinestra
497 3734 652 3800 serrantia
667 3754 703 3800 ex
717 3735 902 3802 auctoritate
916 3736 1026 3822 legalis
1041 3753 1198 3818 censurae,
1221 3753 1258 3802 ea
1268 3735 1293 3822 i)

191 3942 211 4013 ¹)
230 3944 287 4000 eod.
306 3947 398 4000 tamen.
419 3946 489 4000 Vide
507 3949 583 4002 etiam
602 3949 667 4002 haee
687 3949 766 4003 rerba
775 3951 801 4002 in
810 3948 901 4005 Chion.
911 3952 1106 4018 Reiehersberg.
1126 3953 1161 4006 ad
1178 3968 1201 4007 s.
1211 3952 1291 4010 1080.

193 4041 216 4108 ¹)
235 4042 257 4096 1.
277 4037 333 4098 cer.
354 4044 380 4098 5.

193 4140 215 4204 ³)
235 4140 291 4195 eod.
312 4142 388 4196 diem.

188 4235 211 4306 ⁴)
229 4239 314 4292 Math.
335 4238 378 4294 10.
399 4239 443 4294 34.

192 4334 213 4405 ⁸)
231 4335 326 4390 Exeat
343 4337 392 4390 hec
411 4339 546 4394 anathema
564 4340 635 4410 apud
655 4341 804 4397 (iratesrnm
822 4346 882 4400 tom.
901 4343 947 4399 Vi.
968 4360 992 4412 p.
1018 4344 1080 4400 146.

189 4431 212 4502 ⁸)
231 4433 293 4488 ride
302 4436 379 4488 etiam
386 4435 501 4490 dreheri
510 4453 578 4506 oper.
590 4443 646 4496 ιιιιιι.
659 4438 706 4499 Ιι’.
715 4457 741 4512 p.
751 4441 1103 4508 147Jeffe,negeste120nde.
1114 4442 1178 4501 422.
1188 4442 1290 4516 (3748).

191 4529 211 4602 ²)
229 4534 257 4586 in
276 4532 333 4588 eod.
353 4533 434 4592 deest.
454 4550 500 4590 ea.
