<?xml version="1.0" encoding="UTF-8"?>
<!DOCTYPE html PUBLIC "-//W3C//DTD XHTML 1.0 Transitional//EN"
    "http://www.w3.org/TR/xhtml1/DTD/xhtml1-transitional.dtd">
<html xmlns="http://www.w3.org/1999/xhtml" xml:lang="en" lang="en">
 <head>
  <title>
</title>
<meta http-equiv="Content-Type" content="text/html;charset=utf-8" />
  <meta name='ocr-system' content='tesseract 3.04.00' />
  <meta name='ocr-capabilities' content='ocr_page ocr_carea ocr_par ocr_line ocrx_word'/>
</head>
<body>
  <div class='ocr_page' id='page_1' title='image "./operahactenusin00schegoog_0239.png"; bbox 0 0 3168 5190; ppageno 0'>
   <div class='ocr_carea' id='block_1_1' title="bbox 251 379 314 448">
    <p class='ocr_par' dir='ltr' id='par_1_1' title="bbox 251 379 314 448">
     <span class='ocr_line' id='line_1_1' title="bbox 251 379 314 448; baseline -0.063 1"><span class='ocrx_word' id='word_1_1' title='bbox 251 379 314 448; x_wconf 82' lang='lat'>224</span> 
     </span>
    </p>
   </div>
   <div class='ocr_carea' id='block_1_2' title="bbox 164 546 1469 2530">
    <p class='ocr_par' dir='ltr' id='par_1_2' title="bbox 164 546 1469 2530">
     <span class='ocr_line' id='line_1_2' title="bbox 249 546 1452 636; baseline -0.002 -18"><span class='ocrx_word' id='word_1_2' title='bbox 249 553 351 619; x_wconf 89' lang='lat' dir='ltr'>ethica</span> <span class='ocrx_word' id='word_1_3' title='bbox 373 549 420 616; x_wconf 88' lang='lat' dir='ltr'>vel</span> <span class='ocrx_word' id='word_1_4' title='bbox 442 549 569 616; x_wconf 89' lang='lat' dir='ltr'>moralis</span> <span class='ocrx_word' id='word_1_5' title='bbox 594 548 755 633; x_wconf 81' lang='lat' dir='ltr'>disciplina</span> <span class='ocrx_word' id='word_1_6' title='bbox 778 553 844 631; x_wconf 82' lang='lat' dir='ltr'>est,</span> <span class='ocrx_word' id='word_1_7' title='bbox 878 547 992 615; x_wconf 90' lang='lat' dir='ltr'>docens</span> <span class='ocrx_word' id='word_1_8' title='bbox 1016 567 1072 614; x_wconf 90' lang='lat' dir='ltr'>nos</span> <span class='ocrx_word' id='word_1_9' title='bbox 1094 546 1227 633; x_wconf 89' lang='lat' dir='ltr'>abjicere</span> <span class='ocrx_word' id='word_1_10' title='bbox 1249 569 1343 636; x_wconf 86' lang='lat' dir='ltr'>opera</span> <span class='ocrx_word' id='word_1_11' title='bbox 1365 553 1452 616; x_wconf 84' lang='lat' dir='ltr'>tene·</span> 
     </span>
     <span class='ocr_line' id='line_1_3' title="bbox 164 659 1451 743; baseline -0.001 -14"><span class='ocrx_word' id='word_1_12' title='bbox 164 698 166 702; x_wconf 95' lang='lat'>·</span> <span class='ocrx_word' id='word_1_13' title='bbox 248 662 376 729; x_wconf 88' lang='lat' dir='ltr'>brarum</span> <span class='ocrx_word' id='word_1_14' title='bbox 398 664 429 728; x_wconf 93' lang='lat' dir='ltr'>et</span> <span class='ocrx_word' id='word_1_15' title='bbox 452 664 579 729; x_wconf 90' lang='lat' dir='ltr'>induere</span> <span class='ocrx_word' id='word_1_16' title='bbox 601 679 688 726; x_wconf 91' lang='lat' dir='ltr'>arma</span> <span class='ocrx_word' id='word_1_17' title='bbox 709 661 806 743; x_wconf 84' lang='lat' dir='ltr'>lucis,</span> <span class='ocrx_word' id='word_1_18' title='bbox 841 659 921 726; x_wconf 90' lang='lat' dir='ltr'>sicut</span> <span class='ocrx_word' id='word_1_19' title='bbox 953 660 986 724; x_wconf 89' lang='lat' dir='ltr'>in</span> <span class='ocrx_word' id='word_1_20' title='bbox 1020 659 1069 724; x_wconf 93' lang='lat' dir='ltr'>die</span> <span class='ocrx_word' id='word_1_21' title='bbox 1091 659 1222 727; x_wconf 88' lang='lat' dir='ltr'>honeste</span> <span class='ocrx_word' id='word_1_22' title='bbox 1245 661 1451 730; x_wconf 87' lang='lat' dir='ltr'>ambulemus.</span> 
     </span>
     <span class='ocr_line' id='line_1_4' title="bbox 248 771 1451 860; baseline -0.003 -17"><span class='ocrx_word' id='word_1_23' title='bbox 248 776 390 843; x_wconf 86' lang='lat' dir='ltr'>Secunda</span> <span class='ocrx_word' id='word_1_24' title='bbox 411 774 539 860; x_wconf 82' lang='lat' dir='ltr'>physica</span> <span class='ocrx_word' id='word_1_25' title='bbox 560 773 581 839; x_wconf 93' lang='lat' dir='ltr'>i.</span> <span class='ocrx_word' id='word_1_26' title='bbox 605 793 630 839; x_wconf 90' lang='lat' dir='ltr'>e.</span> <span class='ocrx_word' id='word_1_27' title='bbox 654 773 804 839; x_wconf 88' lang='lat' dir='ltr'>naturalis</span> <span class='ocrx_word' id='word_1_28' title='bbox 827 771 988 856; x_wconf 80' lang='lat' dir='ltr'>disciplina</span> <span class='ocrx_word' id='word_1_29' title='bbox 1011 775 1068 850; x_wconf 86' lang='lat' dir='ltr'>est,</span> <span class='ocrx_word' id='word_1_30' title='bbox 1092 790 1169 855; x_wconf 89' lang='lat' dir='ltr'>quae</span> <span class='ocrx_word' id='word_1_31' title='bbox 1192 776 1276 840; x_wconf 90' lang='lat' dir='ltr'>rocte</span> <span class='ocrx_word' id='word_1_32' title='bbox 1298 774 1451 841; x_wconf 84' lang='lat' dir='ltr'>secundae</span> 
     </span>
     <span class='ocr_line' id='line_1_5' title="bbox 248 884 1454 970; baseline -0.002 -17"><span class='ocrx_word' id='word_1_33' title='bbox 248 885 329 953; x_wconf 88' lang='lat' dir='ltr'>filiae</span> <span class='ocrx_word' id='word_1_34' title='bbox 356 886 377 952; x_wconf 90' lang='lat' dir='ltr'>i.</span> <span class='ocrx_word' id='word_1_35' title='bbox 401 904 428 951; x_wconf 81' lang='lat' dir='ltr'>a·</span> <span class='ocrx_word' id='word_1_36' title='bbox 452 884 560 952; x_wconf 79' lang='lat' dir='ltr'>casiae</span> <span class='ocrx_word' id='word_1_37' title='bbox 580 884 603 965; x_wconf 87' lang='lat'>1)</span> <span class='ocrx_word' id='word_1_38' title='bbox 624 903 737 949; x_wconf 88' lang='lat' dir='ltr'>nomen</span> <span class='ocrx_word' id='word_1_39' title='bbox 770 885 900 952; x_wconf 91' lang='lat' dir='ltr'>obtinet.</span> <span class='ocrx_word' id='word_1_40' title='bbox 924 887 1048 954; x_wconf 81' lang='lat' dir='ltr'>Etenim</span> <span class='ocrx_word' id='word_1_41' title='bbox 1071 887 1259 967; x_wconf 83' lang='lat' dir='ltr'>vanitatem,</span> <span class='ocrx_word' id='word_1_42' title='bbox 1294 903 1372 970; x_wconf 87' lang='lat' dir='ltr'>quae</span> <span class='ocrx_word' id='word_1_43' title='bbox 1393 885 1454 952; x_wconf 91' lang='lat' dir='ltr'>sub</span> 
     </span>
     <span class='ocr_line' id='line_1_6' title="bbox 249 996 1454 1083; baseline -0.002 -19"><span class='ocrx_word' id='word_1_44' title='bbox 249 999 314 1064; x_wconf 90' lang='lat' dir='ltr'>sole</span> <span class='ocrx_word' id='word_1_45' title='bbox 336 1000 393 1078; x_wconf 88' lang='lat' dir='ltr'>est,</span> <span class='ocrx_word' id='word_1_46' title='bbox 416 997 557 1062; x_wconf 86' lang='lat' dir='ltr'>veritatis</span> <span class='ocrx_word' id='word_1_47' title='bbox 579 1015 615 1063; x_wconf 90' lang='lat' dir='ltr'>ao</span> <span class='ocrx_word' id='word_1_48' title='bbox 639 997 820 1064; x_wconf 89' lang='lat' dir='ltr'>coelestium</span> <span class='ocrx_word' id='word_1_49' title='bbox 847 1001 879 1062; x_wconf 93' lang='lat' dir='ltr'>et</span> <span class='ocrx_word' id='word_1_50' title='bbox 899 999 1149 1083; x_wconf 89' lang='lat' dir='ltr'>permanentium</span> <span class='ocrx_word' id='word_1_51' title='bbox 1171 996 1324 1064; x_wconf 87' lang='lat' dir='ltr'>bonorum</span> <span class='ocrx_word' id='word_1_52' title='bbox 1345 1015 1454 1063; x_wconf 89' lang='lat' dir='ltr'>amore</span> 
     </span>
     <span class='ocr_line' id='line_1_7' title="bbox 248 1108 1451 1196; baseline 0.001 -21"><span class='ocrx_word' id='word_1_53' title='bbox 248 1112 444 1176; x_wconf 78' lang='lat' dir='ltr'>contemnere</span> <span class='ocrx_word' id='word_1_54' title='bbox 466 1108 571 1194; x_wconf 87' lang='lat' dir='ltr'>eisque</span> <span class='ocrx_word' id='word_1_55' title='bbox 593 1111 696 1192; x_wconf 88' lang='lat' dir='ltr'>spreta</span> <span class='ocrx_word' id='word_1_56' title='bbox 724 1109 861 1175; x_wconf 88' lang='lat' dir='ltr'>vanitate</span> <span class='ocrx_word' id='word_1_57' title='bbox 884 1108 1059 1176; x_wconf 77' lang='lat' dir='ltr'>obtinendis</span> <span class='ocrx_word' id='word_1_58' title='bbox 1081 1126 1191 1175; x_wconf 84' lang='lat' dir='ltr'>uacare</span> <span class='ocrx_word' id='word_1_59' title='bbox 1213 1108 1370 1196; x_wconf 76' lang='lat' dir='ltr'>casiam1)</span> <span class='ocrx_word' id='word_1_60' title='bbox 1392 1127 1451 1176; x_wconf 89' lang='lat' dir='ltr'>nos</span> 
     </span>
     <span class='ocr_line' id='line_1_8' title="bbox 247 1217 1469 1308; baseline 0 -22"><span class='ocrx_word' id='word_1_61' title='bbox 247 1221 267 1286; x_wconf 87' lang='lat' dir='ltr'>i.</span> <span class='ocrx_word' id='word_1_62' title='bbox 290 1241 316 1287; x_wconf 89' lang='lat' dir='ltr'>e.</span> <span class='ocrx_word' id='word_1_63' title='bbox 338 1219 413 1286; x_wconf 88' lang='lat' dir='ltr'>boni</span> <span class='ocrx_word' id='word_1_64' title='bbox 435 1220 538 1286; x_wconf 86' lang='lat' dir='ltr'>odoris</span> <span class='ocrx_word' id='word_1_65' title='bbox 560 1217 665 1302; x_wconf 82' lang='lat' dir='ltr'>eflicit,</span> <span class='ocrx_word' id='word_1_66' title='bbox 695 1224 732 1288; x_wconf 89' lang='lat' dir='ltr'>ut</span> <span class='ocrx_word' id='word_1_67' title='bbox 765 1220 862 1286; x_wconf 89' lang='lat' dir='ltr'>simus</span> <span class='ocrx_word' id='word_1_68' title='bbox 886 1241 957 1288; x_wconf 89' lang='lat' dir='ltr'>cum</span> <span class='ocrx_word' id='word_1_69' title='bbox 978 1221 1122 1308; x_wconf 88' lang='lat' dir='ltr'>apostolo</span> <span class='ocrx_word' id='word_1_70' title='bbox 1155 1219 1256 1286; x_wconf 87' lang='lat' dir='ltr'>bonus</span> <span class='ocrx_word' id='word_1_71' title='bbox 1286 1221 1363 1287; x_wconf 92' lang='lat' dir='ltr'>odor</span> <span class='ocrx_word' id='word_1_72' title='bbox 1384 1221 1469 1286; x_wconf 44' lang='lat' dir='ltr'>Deo*</span> 
     </span>
     <span class='ocr_line' id='line_1_9' title="bbox 247 1331 1452 1417; baseline -0.001 -19"><span class='ocrx_word' id='word_1_73' title='bbox 247 1333 280 1399; x_wconf 88' lang='lat' dir='ltr'>in</span> <span class='ocrx_word' id='word_1_74' title='bbox 303 1333 387 1399; x_wconf 91' lang='lat' dir='ltr'>omni</span> <span class='ocrx_word' id='word_1_75' title='bbox 408 1333 487 1400; x_wconf 88' lang='lat' dir='ltr'>loeo.</span> <span class='ocrx_word' id='word_1_76' title='bbox 532 1332 654 1399; x_wconf 78' lang='lat' dir='ltr'>Tertiae</span> <span class='ocrx_word' id='word_1_77' title='bbox 689 1351 812 1416; x_wconf 88' lang='lat' dir='ltr'>quoque</span> <span class='ocrx_word' id='word_1_78' title='bbox 841 1333 923 1399; x_wconf 88' lang='lat' dir='ltr'>filiae</span> <span class='ocrx_word' id='word_1_79' title='bbox 944 1352 1056 1400; x_wconf 90' lang='lat' dir='ltr'>nomen</span> <span class='ocrx_word' id='word_1_80' title='bbox 1086 1332 1158 1399; x_wconf 85' lang='lat' dir='ltr'>licet</span> <span class='ocrx_word' id='word_1_81' title='bbox 1182 1331 1285 1397; x_wconf 88' lang='lat' dir='ltr'>minus</span> <span class='ocrx_word' id='word_1_82' title='bbox 1307 1332 1452 1417; x_wconf 83' lang='lat' dir='ltr'>latinum,</span> 
     </span>
     <span class='ocr_line' id='line_1_10' title="bbox 250 1440 1454 1528; baseline 0.001 -20"><span class='ocrx_word' id='word_1_83' title='bbox 250 1445 331 1528; x_wconf 88' lang='lat' dir='ltr'>quod</span> <span class='ocrx_word' id='word_1_84' title='bbox 353 1447 401 1510; x_wconf 91' lang='lat' dir='ltr'>est</span> <span class='ocrx_word' id='word_1_85' title='bbox 416 1440 606 1510; x_wconf 71' lang='lat' dir='ltr'>cornustibii</span> <span class='ocrx_word' id='word_1_86' title='bbox 629 1442 783 1509; x_wconf 89' lang='lat' dir='ltr'>theoricae</span> <span class='ocrx_word' id='word_1_87' title='bbox 799 1443 819 1508; x_wconf 90' lang='lat' dir='ltr'>i.</span> <span class='ocrx_word' id='word_1_88' title='bbox 837 1463 863 1510; x_wconf 91' lang='lat' dir='ltr'>e.</span> <span class='ocrx_word' id='word_1_89' title='bbox 877 1443 1072 1528; x_wconf 79' lang='lat' dir='ltr'>inspectione</span> <span class='ocrx_word' id='word_1_90' title='bbox 1093 1443 1275 1528; x_wconf 89' lang='lat' dir='ltr'>disciplinae</span> <span class='ocrx_word' id='word_1_91' title='bbox 1297 1443 1454 1528; x_wconf 85' lang='lat' dir='ltr'>congruit.</span> 
     </span>
     <span class='ocr_line' id='line_1_11' title="bbox 249 1551 1454 1638; baseline -0.002 -15"><span class='ocrx_word' id='word_1_92' title='bbox 249 1555 327 1624; x_wconf 80' lang='lat' dir='ltr'>dum</span> <span class='ocrx_word' id='word_1_93' title='bbox 349 1553 431 1620; x_wconf 91' lang='lat' dir='ltr'>enim</span> <span class='ocrx_word' id='word_1_94' title='bbox 452 1552 531 1620; x_wconf 85' lang='lat' dir='ltr'>faeie</span> <span class='ocrx_word' id='word_1_95' title='bbox 560 1551 600 1618; x_wconf 89' lang='lat' dir='ltr'>ad</span> <span class='ocrx_word' id='word_1_96' title='bbox 622 1553 733 1619; x_wconf 84' lang='lat' dir='ltr'>faciem</span> <span class='ocrx_word' id='word_1_97' title='bbox 765 1555 866 1620; x_wconf 90' lang='lat' dir='ltr'>Deum</span> <span class='ocrx_word' id='word_1_98' title='bbox 888 1556 920 1621; x_wconf 90' lang='lat' dir='ltr'>et</span> <span class='ocrx_word' id='word_1_99' title='bbox 942 1553 1026 1621; x_wconf 89' lang='lat' dir='ltr'>siout</span> <span class='ocrx_word' id='word_1_100' title='bbox 1063 1557 1112 1620; x_wconf 90' lang='lat' dir='ltr'>est</span> <span class='ocrx_word' id='word_1_101' title='bbox 1133 1553 1237 1620; x_wconf 87' lang='lat' dir='ltr'>videre</span> <span class='ocrx_word' id='word_1_102' title='bbox 1258 1554 1454 1638; x_wconf 88' lang='lat' dir='ltr'>cooperimus</span> 
     </span>
     <span class='ocr_line' id='line_1_12' title="bbox 248 1663 1455 1759; baseline 0.002 -27"><span class='ocrx_word' id='word_1_103' title='bbox 248 1666 389 1733; x_wconf 87' lang='lat' dir='ltr'>alaudis</span> <span class='ocrx_word' id='word_1_104' title='bbox 421 1664 605 1750; x_wconf 71' lang='lat' dir='ltr'>iubilatione</span> <span class='ocrx_word' id='word_1_105' title='bbox 637 1682 760 1732; x_wconf 87' lang='lat' dir='ltr'>cessare</span> <span class='ocrx_word' id='word_1_106' title='bbox 794 1683 856 1731; x_wconf 91' lang='lat' dir='ltr'>non</span> <span class='ocrx_word' id='word_1_107' title='bbox 878 1663 1050 1731; x_wconf 88' lang='lat' dir='ltr'>valebimus</span> <span class='ocrx_word' id='word_1_108' title='bbox 1087 1664 1168 1730; x_wconf 89' lang='lat' dir='ltr'>sicut</span> <span class='ocrx_word' id='word_1_109' title='bbox 1202 1663 1353 1749; x_wconf 87' lang='lat' dir='ltr'>scriptum</span> <span class='ocrx_word' id='word_1_110' title='bbox 1387 1671 1455 1759; x_wconf 63' lang='lat' dir='ltr'>est2</span> 
     </span>
     <span class='ocr_line' id='line_1_13' title="bbox 248 1776 1455 1863; baseline -0.002 -16"><span class='ocrx_word' id='word_1_111' title='bbox 248 1780 363 1847; x_wconf 88' lang='lat' dir='ltr'>Beati</span> <span class='ocrx_word' id='word_1_112' title='bbox 397 1778 464 1863; x_wconf 91' lang='lat' dir='ltr'>qui</span> <span class='ocrx_word' id='word_1_113' title='bbox 486 1776 677 1843; x_wconf 87' lang='lat' dir='ltr'>habitant</span> <span class='ocrx_word' id='word_1_114' title='bbox 697 1776 737 1842; x_wconf 87' lang='lat' dir='ltr'>in</span> <span class='ocrx_word' id='word_1_115' title='bbox 759 1776 873 1841; x_wconf 91' lang='lat' dir='ltr'>domo</span> <span class='ocrx_word' id='word_1_116' title='bbox 909 1778 977 1840; x_wconf 90' lang='lat' dir='ltr'>tua</span> <span class='ocrx_word' id='word_1_117' title='bbox 999 1776 1185 1843; x_wconf 86' lang='lat' dir='ltr'>Domine:</span> <span class='ocrx_word' id='word_1_118' title='bbox 1215 1777 1255 1842; x_wconf 90' lang='lat' dir='ltr'>in</span> <span class='ocrx_word' id='word_1_119' title='bbox 1287 1780 1455 1844; x_wconf 83' lang='lat' dir='ltr'>saecula</span> 
     </span>
     <span class='ocr_line' id='line_1_14' title="bbox 248 1884 1455 1976; baseline -0.002 -17"><span class='ocrx_word' id='word_1_120' title='bbox 248 1891 495 1959; x_wconf 90' lang='lat' dir='ltr'>saeculorum</span> <span class='ocrx_word' id='word_1_121' title='bbox 515 1886 734 1954; x_wconf 88' lang='lat' dir='ltr'>laudabunt</span> <span class='ocrx_word' id='word_1_122' title='bbox 756 1884 835 1972; x_wconf 79' lang='lat' dir='ltr'>to.²)</span> <span class='ocrx_word' id='word_1_123' title='bbox 879 1886 969 1970; x_wconf 84' lang='lat' dir='ltr'>Quod</span> <span class='ocrx_word' id='word_1_124' title='bbox 992 1886 1019 1952; x_wconf 90' lang='lat' dir='ltr'>si</span> <span class='ocrx_word' id='word_1_125' title='bbox 1042 1887 1121 1953; x_wconf 91' lang='lat' dir='ltr'>scire</span> <span class='ocrx_word' id='word_1_126' title='bbox 1143 1888 1277 1954; x_wconf 86' lang='lat' dir='ltr'>delcetat</span> <span class='ocrx_word' id='word_1_127' title='bbox 1299 1906 1360 1973; x_wconf 86' lang='lat' dir='ltr'>quc</span> <span class='ocrx_word' id='word_1_128' title='bbox 1380 1908 1455 1976; x_wconf 83' lang='lat' dir='ltr'>ger·</span> 
     </span>
     <span class='ocr_line' id='line_1_15' title="bbox 248 1997 1452 2085; baseline -0.001 -16"><span class='ocrx_word' id='word_1_129' title='bbox 248 2003 399 2069; x_wconf 82' lang='lat' dir='ltr'>munitate</span> <span class='ocrx_word' id='word_1_130' title='bbox 422 2002 540 2085; x_wconf 86' lang='lat' dir='ltr'>septem</span> <span class='ocrx_word' id='word_1_131' title='bbox 562 1997 620 2064; x_wconf 89' lang='lat' dir='ltr'>lilii</span> <span class='ocrx_word' id='word_1_132' title='bbox 641 1999 661 2065; x_wconf 88' lang='lat' dir='ltr'>i.</span> <span class='ocrx_word' id='word_1_133' title='bbox 685 2019 711 2066; x_wconf 89' lang='lat' dir='ltr'>e.</span> <span class='ocrx_word' id='word_1_134' title='bbox 735 2002 856 2084; x_wconf 89' lang='lat' dir='ltr'>septem</span> <span class='ocrx_word' id='word_1_135' title='bbox 879 1999 959 2063; x_wconf 89' lang='lat' dir='ltr'>dona</span> <span class='ocrx_word' id='word_1_136' title='bbox 982 1997 1117 2083; x_wconf 84' lang='lat' dir='ltr'>Spiritus</span> <span class='ocrx_word' id='word_1_137' title='bbox 1139 1998 1196 2065; x_wconf 84' lang='lat' dir='ltr'>has</span> <span class='ocrx_word' id='word_1_138' title='bbox 1219 2001 1355 2084; x_wconf 80' lang='lat' dir='ltr'>nostri³)</span> <span class='ocrx_word' id='word_1_139' title='bbox 1377 2001 1452 2082; x_wconf 80' lang='lat' dir='ltr'>doh,</span> 
     </span>
     <span class='ocr_line' id='line_1_16' title="bbox 247 2108 1453 2199; baseline -0.001 -20"><span class='ocrx_word' id='word_1_140' title='bbox 247 2133 303 2199; x_wconf 90' lang='lat' dir='ltr'>pro</span> <span class='ocrx_word' id='word_1_141' title='bbox 326 2111 415 2178; x_wconf 87' lang='lat' dir='ltr'>nobis</span> <span class='ocrx_word' id='word_1_142' title='bbox 438 2110 580 2176; x_wconf 78' lang='lat' dir='ltr'>uidelicet</span> <span class='ocrx_word' id='word_1_143' title='bbox 595 2109 728 2175; x_wconf 90' lang='lat' dir='ltr'>dolentis</span> <span class='ocrx_word' id='word_1_144' title='bbox 746 2109 768 2177; x_wconf 86' lang='lat' dir='ltr'>J</span> <span class='ocrx_word' id='word_1_145' title='bbox 770 2128 834 2191; x_wconf 79' lang='lat' dir='ltr'>esu,</span> <span class='ocrx_word' id='word_1_146' title='bbox 846 2108 927 2174; x_wconf 89' lang='lat' dir='ltr'>filias</span> <span class='ocrx_word' id='word_1_147' title='bbox 950 2109 1118 2193; x_wconf 84' lang='lat' dir='ltr'>respiciant</span> <span class='ocrx_word' id='word_1_148' title='bbox 1139 2109 1232 2177; x_wconf 83' lang='lat' dir='ltr'>facile</span> <span class='ocrx_word' id='word_1_149' title='bbox 1252 2114 1350 2197; x_wconf 84' lang='lat' dir='ltr'>patet,</span> <span class='ocrx_word' id='word_1_150' title='bbox 1374 2131 1453 2196; x_wconf 90' lang='lat' dir='ltr'>quo·</span> 
     </span>
     <span class='ocr_line' id='line_1_17' title="bbox 250 2219 1454 2308; baseline 0 -18"><span class='ocrx_word' id='word_1_151' title='bbox 250 2224 335 2290; x_wconf 90' lang='lat' dir='ltr'>niam</span> <span class='ocrx_word' id='word_1_152' title='bbox 358 2222 494 2308; x_wconf 86' lang='lat' dir='ltr'>Spiritus</span> <span class='ocrx_word' id='word_1_153' title='bbox 517 2219 648 2301; x_wconf 86' lang='lat' dir='ltr'>timoris,</span> <span class='ocrx_word' id='word_1_154' title='bbox 670 2220 795 2304; x_wconf 88' lang='lat' dir='ltr'>pietatis</span> <span class='ocrx_word' id='word_1_155' title='bbox 820 2224 851 2287; x_wconf 91' lang='lat' dir='ltr'>et</span> <span class='ocrx_word' id='word_1_156' title='bbox 873 2219 1021 2287; x_wconf 84' lang='lat' dir='ltr'>scientiae</span> <span class='ocrx_word' id='word_1_157' title='bbox 1042 2238 1105 2287; x_wconf 88' lang='lat' dir='ltr'>nou</span> <span class='ocrx_word' id='word_1_158' title='bbox 1126 2221 1265 2289; x_wconf 88' lang='lat' dir='ltr'>inflantis</span> <span class='ocrx_word' id='word_1_159' title='bbox 1288 2225 1342 2290; x_wconf 87' lang='lat' dir='ltr'>sod</span> <span class='ocrx_word' id='word_1_160' title='bbox 1364 2225 1454 2290; x_wconf 95' lang='lat' dir='ltr'>dolo·</span> 
     </span>
     <span class='ocr_line' id='line_1_18' title="bbox 250 2330 1456 2419; baseline -0.001 -17"><span class='ocrx_word' id='word_1_161' title='bbox 250 2354 317 2402; x_wconf 90' lang='lat' dir='ltr'>rem</span> <span class='ocrx_word' id='word_1_162' title='bbox 339 2332 520 2417; x_wconf 88' lang='lat' dir='ltr'>adponentis</span> <span class='ocrx_word' id='word_1_163' title='bbox 543 2332 583 2396; x_wconf 92' lang='lat' dir='ltr'>ad</span> <span class='ocrx_word' id='word_1_164' title='bbox 605 2349 706 2398; x_wconf 93' lang='lat' dir='ltr'>mores</span> <span class='ocrx_word' id='word_1_165' title='bbox 723 2333 951 2417; x_wconf 88' lang='lat' dir='ltr'>componendos</span> <span class='ocrx_word' id='word_1_166' title='bbox 967 2330 1051 2412; x_wconf 84' lang='lat' dir='ltr'>lacit,</span> <span class='ocrx_word' id='word_1_167' title='bbox 1076 2330 1211 2417; x_wconf 87' lang='lat' dir='ltr'>Spiritus</span> <span class='ocrx_word' id='word_1_168' title='bbox 1234 2353 1356 2419; x_wconf 89' lang='lat' dir='ltr'>quoque</span> <span class='ocrx_word' id='word_1_169' title='bbox 1378 2353 1456 2401; x_wconf 85' lang='lat' dir='ltr'>corr·</span> 
     </span>
     <span class='ocr_line' id='line_1_19' title="bbox 251 2442 1455 2530; baseline -0.001 -18"><span class='ocrx_word' id='word_1_170' title='bbox 251 2446 321 2525; x_wconf 84' lang='lat' dir='ltr'>sihi,</span> <span class='ocrx_word' id='word_1_171' title='bbox 343 2445 521 2511; x_wconf 87' lang='lat' dir='ltr'>intellectus</span> <span class='ocrx_word' id='word_1_172' title='bbox 545 2446 577 2508; x_wconf 91' lang='lat' dir='ltr'>et</span> <span class='ocrx_word' id='word_1_173' title='bbox 599 2443 767 2526; x_wconf 89' lang='lat' dir='ltr'>sapientiae</span> <span class='ocrx_word' id='word_1_174' title='bbox 800 2444 839 2508; x_wconf 89' lang='lat' dir='ltr'>ad</span> <span class='ocrx_word' id='word_1_175' title='bbox 861 2443 1025 2530; x_wconf 79' lang='lat' dir='ltr'>physicam</span> <span class='ocrx_word' id='word_1_176' title='bbox 1048 2442 1217 2510; x_wconf 86' lang='lat' dir='ltr'>christiano</span> <span class='ocrx_word' id='word_1_177' title='bbox 1240 2445 1357 2510; x_wconf 89' lang='lat' dir='ltr'>nomini</span> <span class='ocrx_word' id='word_1_178' title='bbox 1380 2464 1455 2511; x_wconf 91' lang='lat' dir='ltr'>corr-</span> 
     </span>
    </p>
   </div>
   <div class='ocr_carea' id='block_1_3' title="bbox 250 2553 1454 2643">
    <p class='ocr_par' dir='ltr' id='par_1_3' title="bbox 250 2553 1454 2643">
     <span class='ocr_line' id='line_1_20' title="bbox 250 2553 1454 2643; baseline -0.001 -20"><span class='ocrx_word' id='word_1_179' title='bbox 250 2559 413 2643; x_wconf 85' lang='lat' dir='ltr'>gruentem</span> <span class='ocrx_word' id='word_1_180' title='bbox 434 2554 616 2635; x_wconf 85' lang='lat' dir='ltr'>instituunt,</span> <span class='ocrx_word' id='word_1_181' title='bbox 640 2557 676 2619; x_wconf 93' lang='lat' dir='ltr'>ut</span> <span class='ocrx_word' id='word_1_182' title='bbox 698 2553 815 2621; x_wconf 86' lang='lat' dir='ltr'>bonum</span> <span class='ocrx_word' id='word_1_183' title='bbox 837 2559 869 2622; x_wconf 88' lang='lat' dir='ltr'>ot</span> <span class='ocrx_word' id='word_1_184' title='bbox 891 2555 980 2620; x_wconf 88' lang='lat' dir='ltr'>dulce</span> <span class='ocrx_word' id='word_1_185' title='bbox 1003 2553 1045 2620; x_wconf 90' lang='lat' dir='ltr'>sit</span> <span class='ocrx_word' id='word_1_186' title='bbox 1066 2555 1185 2621; x_wconf 90' lang='lat' dir='ltr'>homini</span> <span class='ocrx_word' id='word_1_187' title='bbox 1208 2553 1368 2640; x_wconf 90' lang='lat' dir='ltr'>spiritibus</span> <span class='ocrx_word' id='word_1_188' title='bbox 1389 2557 1454 2622; x_wconf 87' lang='lat' dir='ltr'>rllrs</span> 
     </span>
    </p>
   </div>
   <div class='ocr_carea' id='block_1_4' title="bbox 129 2665 1456 2754">
    <p class='ocr_par' dir='ltr' id='par_1_4' title="bbox 129 2665 1456 2754">
     <span class='ocr_line' id='line_1_21' title="bbox 129 2665 1456 2754; baseline -0.003 -18"><span class='ocrx_word' id='word_1_189' title='bbox 129 2679 136 2692; x_wconf 82' lang='lat'><strong><em>‘</em></strong></span> <span class='ocrx_word' id='word_1_190' title='bbox 200 2745 201 2753; x_wconf 8' lang='grc' dir='ltr'>ἵ</span> <span class='ocrx_word' id='word_1_191' title='bbox 250 2667 391 2754; x_wconf 85' lang='lat' dir='ltr'>praedito</span> <span class='ocrx_word' id='word_1_192' title='bbox 424 2670 547 2733; x_wconf 90' lang='lat' dir='ltr'>terrena</span> <span class='ocrx_word' id='word_1_193' title='bbox 580 2667 696 2732; x_wconf 86' lang='lat' dir='ltr'>caduca</span> <span class='ocrx_word' id='word_1_194' title='bbox 718 2666 891 2751; x_wconf 89' lang='lat' dir='ltr'>relinquere</span> <span class='ocrx_word' id='word_1_195' title='bbox 913 2665 1100 2733; x_wconf 90' lang='lat' dir='ltr'>coelestibus</span> <span class='ocrx_word' id='word_1_196' title='bbox 1123 2665 1291 2732; x_wconf 86' lang='lat' dir='ltr'>inhaerere.</span> <span class='ocrx_word' id='word_1_197' title='bbox 1334 2665 1456 2734; x_wconf 89' lang='lat' dir='ltr'>Sedet</span> 
     </span>
    </p>
   </div>
   <div class='ocr_carea' id='block_1_5' title="bbox 249 2777 1455 4068">
    <p class='ocr_par' dir='ltr' id='par_1_5' title="bbox 249 2777 1455 4068">
     <span class='ocr_line' id='line_1_22' title="bbox 251 2777 1454 2864; baseline -0.001 -20"><span class='ocrx_word' id='word_1_198' title='bbox 251 2778 442 2846; x_wconf 80' lang='lat' dir='ltr'>tortitudinis</span> <span class='ocrx_word' id='word_1_199' title='bbox 464 2777 594 2864; x_wconf 90' lang='lat' dir='ltr'>spiritus</span> <span class='ocrx_word' id='word_1_200' title='bbox 615 2777 703 2842; x_wconf 90' lang='lat' dir='ltr'>illam</span> <span class='ocrx_word' id='word_1_201' title='bbox 724 2778 920 2844; x_wconf 87' lang='lat' dir='ltr'>dilectionem</span> <span class='ocrx_word' id='word_1_202' title='bbox 940 2778 1072 2863; x_wconf 83' lang='lat' dir='ltr'>perficit,</span> <span class='ocrx_word' id='word_1_203' title='bbox 1094 2796 1155 2863; x_wconf 86' lang='lat' dir='ltr'>que</span> <span class='ocrx_word' id='word_1_204' title='bbox 1180 2777 1280 2862; x_wconf 86' lang='lat' dir='ltr'>major</span> <span class='ocrx_word' id='word_1_205' title='bbox 1306 2795 1375 2843; x_wconf 87' lang='lat' dir='ltr'>esse</span> <span class='ocrx_word' id='word_1_206' title='bbox 1389 2795 1454 2844; x_wconf 88' lang='lat' dir='ltr'>nou</span> 
     </span>
     <span class='ocr_line' id='line_1_23' title="bbox 250 2885 1448 2977; baseline -0.003 -19"><span class='ocrx_word' id='word_1_207' title='bbox 250 2894 355 2977; x_wconf 90' lang='lat' dir='ltr'>potest</span> <span class='ocrx_word' id='word_1_208' title='bbox 377 2894 408 2957; x_wconf 91' lang='lat' dir='ltr'>et</span> <span class='ocrx_word' id='word_1_209' title='bbox 431 2907 509 2975; x_wconf 87' lang='lat' dir='ltr'>quae</span> <span class='ocrx_word' id='word_1_210' title='bbox 530 2889 620 2955; x_wconf 87' lang='lat' dir='ltr'>fortis</span> <span class='ocrx_word' id='word_1_211' title='bbox 643 2892 750 2954; x_wconf 88' lang='lat' dir='ltr'>estut</span> <span class='ocrx_word' id='word_1_212' title='bbox 772 2906 865 2969; x_wconf 84' lang='lat' dir='ltr'>mors,</span> <span class='ocrx_word' id='word_1_213' title='bbox 889 2907 969 2972; x_wconf 88' lang='lat' dir='ltr'>quae</span> <span class='ocrx_word' id='word_1_214' title='bbox 991 2908 1048 2955; x_wconf 90' lang='lat' dir='ltr'>rros</span> <span class='ocrx_word' id='word_1_215' title='bbox 1069 2889 1147 2955; x_wconf 87' lang='lat' dir='ltr'>facit</span> <span class='ocrx_word' id='word_1_216' title='bbox 1169 2906 1188 2953; x_wconf 90' lang='lat' dir='ltr'>a</span> <span class='ocrx_word' id='word_1_217' title='bbox 1210 2885 1300 2955; x_wconf 88' lang='lat' dir='ltr'>nobis</span> <span class='ocrx_word' id='word_1_218' title='bbox 1316 2888 1448 2973; x_wconf 78' lang='lat' dir='ltr'>delicere</span> 
     </span>
     <span class='ocr_line' id='line_1_24' title="bbox 251 2997 1451 3083; baseline -0.003 -15"><span class='ocrx_word' id='word_1_219' title='bbox 251 3019 287 3068; x_wconf 87' lang='lat' dir='ltr'>ao</span> <span class='ocrx_word' id='word_1_220' title='bbox 309 3000 446 3068; x_wconf 88' lang='lat' dir='ltr'>theoriae</span> <span class='ocrx_word' id='word_1_221' title='bbox 478 2998 674 3064; x_wconf 86' lang='lat' dir='ltr'>inhaerentes</span> <span class='ocrx_word' id='word_1_222' title='bbox 696 2999 730 3064; x_wconf 91' lang='lat' dir='ltr'>in</span> <span class='ocrx_word' id='word_1_223' title='bbox 751 2997 854 3081; x_wconf 87' lang='lat' dir='ltr'>ipsum</span> <span class='ocrx_word' id='word_1_224' title='bbox 889 3017 981 3082; x_wconf 90' lang='lat' dir='ltr'>quem</span> <span class='ocrx_word' id='word_1_225' title='bbox 1002 2998 1143 3066; x_wconf 88' lang='lat' dir='ltr'>videmus</span> <span class='ocrx_word' id='word_1_226' title='bbox 1166 3000 1268 3066; x_wconf 89' lang='lat' dir='ltr'>Deum</span> <span class='ocrx_word' id='word_1_227' title='bbox 1290 2998 1451 3083; x_wconf 84' lang='lat' dir='ltr'>proficere,</span> 
     </span>
     <span class='ocr_line' id='line_1_25' title="bbox 251 3110 1454 3197; baseline -0.004 -16"><span class='ocrx_word' id='word_1_228' title='bbox 251 3118 287 3181; x_wconf 90' lang='lat' dir='ltr'>ut</span> <span class='ocrx_word' id='word_1_229' title='bbox 308 3113 440 3180; x_wconf 88' lang='lat' dir='ltr'>videndo</span> <span class='ocrx_word' id='word_1_230' title='bbox 476 3111 582 3196; x_wconf 91' lang='lat' dir='ltr'>ipsum</span> <span class='ocrx_word' id='word_1_231' title='bbox 616 3110 713 3176; x_wconf 88' lang='lat' dir='ltr'>simus</span> <span class='ocrx_word' id='word_1_232' title='bbox 737 3114 768 3175; x_wconf 91' lang='lat' dir='ltr'>et</span> <span class='ocrx_word' id='word_1_233' title='bbox 789 3129 845 3176; x_wconf 89' lang='lat' dir='ltr'>nos</span> <span class='ocrx_word' id='word_1_234' title='bbox 880 3112 1050 3177; x_wconf 87' lang='lat' dir='ltr'>secundum</span> <span class='ocrx_word' id='word_1_235' title='bbox 1071 3112 1187 3197; x_wconf 90' lang='lat' dir='ltr'>ipsum.</span> <span class='ocrx_word' id='word_1_236' title='bbox 1233 3111 1294 3179; x_wconf 90' lang='lat' dir='ltr'>Sod</span> <span class='ocrx_word' id='word_1_237' title='bbox 1316 3113 1347 3175; x_wconf 89' lang='lat' dir='ltr'>et</span> <span class='ocrx_word' id='word_1_238' title='bbox 1369 3127 1454 3176; x_wconf 89' lang='lat' dir='ltr'>nunc</span> 
     </span>
     <span class='ocr_line' id='line_1_26' title="bbox 251 3221 1453 3309; baseline -0.002 -19"><span class='ocrx_word' id='word_1_239' title='bbox 251 3224 316 3290; x_wconf 83' lang='lat' dir='ltr'>siue</span> <span class='ocrx_word' id='word_1_240' title='bbox 337 3223 369 3288; x_wconf 92' lang='lat' dir='ltr'>in</span> <span class='ocrx_word' id='word_1_241' title='bbox 391 3222 441 3289; x_wconf 80' lang='lat' dir='ltr'>oia</span> <span class='ocrx_word' id='word_1_242' title='bbox 463 3241 586 3289; x_wconf 91' lang='lat' dir='ltr'>morum</span> <span class='ocrx_word' id='word_1_243' title='bbox 608 3223 758 3309; x_wconf 85' lang='lat' dir='ltr'>prolicere</span> <span class='ocrx_word' id='word_1_244' title='bbox 780 3223 845 3288; x_wconf 89' lang='lat' dir='ltr'>sive</span> <span class='ocrx_word' id='word_1_245' title='bbox 860 3225 899 3288; x_wconf 89' lang='lat' dir='ltr'>ad</span> <span class='ocrx_word' id='word_1_246' title='bbox 914 3224 1056 3290; x_wconf 86' lang='lat' dir='ltr'>veritatis</span> <span class='ocrx_word' id='word_1_247' title='bbox 1079 3221 1453 3309; x_wconf 84' lang='lat' dir='ltr'>cognitionemphysicao</span> 
     </span>
     <span class='ocr_line' id='line_1_27' title="bbox 251 3333 1454 3420; baseline -0.002 -20"><span class='ocrx_word' id='word_1_248' title='bbox 251 3337 344 3420; x_wconf 87' lang='lat' dir='ltr'>atque</span> <span class='ocrx_word' id='word_1_249' title='bbox 366 3335 620 3418; x_wconf 88' lang='lat' dir='ltr'>contemplationi</span> <span class='ocrx_word' id='word_1_250' title='bbox 642 3353 805 3416; x_wconf 77' lang='lat' dir='ltr'>vacamus,</span> <span class='ocrx_word' id='word_1_251' title='bbox 838 3353 901 3400; x_wconf 89' lang='lat' dir='ltr'>nou</span> <span class='ocrx_word' id='word_1_252' title='bbox 922 3335 983 3400; x_wconf 89' lang='lat' dir='ltr'>nisi</span> <span class='ocrx_word' id='word_1_253' title='bbox 1005 3334 1037 3399; x_wconf 90' lang='lat' dir='ltr'>in</span> <span class='ocrx_word' id='word_1_254' title='bbox 1059 3333 1241 3399; x_wconf 84' lang='lat' dir='ltr'>fortitudine</span> <span class='ocrx_word' id='word_1_255' title='bbox 1262 3333 1329 3417; x_wconf 90' lang='lat' dir='ltr'>spei</span> <span class='ocrx_word' id='word_1_256' title='bbox 1350 3333 1454 3398; x_wconf 91' lang='lat' dir='ltr'>Deum</span> 
     </span>
     <span class='ocr_line' id='line_1_28' title="bbox 250 3442 1454 3530; baseline -0.002 -20"><span class='ocrx_word' id='word_1_257' title='bbox 250 3448 397 3530; x_wconf 93' lang='lat' dir='ltr'>perpetuo</span> <span class='ocrx_word' id='word_1_258' title='bbox 419 3444 541 3510; x_wconf 72' lang='lat' dir='ltr'>urendi</span> <span class='ocrx_word' id='word_1_259' title='bbox 563 3445 623 3511; x_wconf 91' lang='lat' dir='ltr'>hoc</span> <span class='ocrx_word' id='word_1_260' title='bbox 645 3445 776 3530; x_wconf 87' lang='lat' dir='ltr'>agimus.</span> <span class='ocrx_word' id='word_1_261' title='bbox 800 3447 849 3511; x_wconf 89' lang='lat' dir='ltr'>lta</span> <span class='ocrx_word' id='word_1_262' title='bbox 872 3446 953 3511; x_wconf 90' lang='lat' dir='ltr'>enim</span> <span class='ocrx_word' id='word_1_263' title='bbox 976 3449 1063 3512; x_wconf 88' lang='lat' dir='ltr'>torua</span> <span class='ocrx_word' id='word_1_264' title='bbox 1085 3443 1253 3530; x_wconf 91' lang='lat' dir='ltr'>spirituum</span> <span class='ocrx_word' id='word_1_265' title='bbox 1275 3445 1356 3509; x_wconf 87' lang='lat' dir='ltr'>dona</span> <span class='ocrx_word' id='word_1_266' title='bbox 1378 3442 1454 3508; x_wconf 90' lang='lat' dir='ltr'>hino</span> 
     </span>
     <span class='ocr_line' id='line_1_29' title="bbox 250 3553 1453 3641; baseline -0.003 -18"><span class='ocrx_word' id='word_1_267' title='bbox 250 3558 321 3623; x_wconf 90' lang='lat' dir='ltr'>inde</span> <span class='ocrx_word' id='word_1_268' title='bbox 354 3557 456 3640; x_wconf 87' lang='lat' dir='ltr'>posite</span> <span class='ocrx_word' id='word_1_269' title='bbox 490 3559 651 3641; x_wconf 87' lang='lat' dir='ltr'>tamquam</span> <span class='ocrx_word' id='word_1_270' title='bbox 679 3557 712 3622; x_wconf 91' lang='lat' dir='ltr'>in</span> <span class='ocrx_word' id='word_1_271' title='bbox 734 3557 918 3624; x_wconf 87' lang='lat' dir='ltr'>candelabro</span> <span class='ocrx_word' id='word_1_272' title='bbox 950 3556 1141 3624; x_wconf 85' lang='lat' dir='ltr'>tabernaculi</span> <span class='ocrx_word' id='word_1_273' title='bbox 1173 3557 1317 3622; x_wconf 87' lang='lat' dir='ltr'>lucernae</span> <span class='ocrx_word' id='word_1_274' title='bbox 1350 3553 1453 3620; x_wconf 91' lang='lat' dir='ltr'>medio</span> 
     </span>
     <span class='ocr_line' id='line_1_30' title="bbox 252 3664 1455 3753; baseline -0.003 -19"><span class='ocrx_word' id='word_1_275' title='bbox 252 3667 352 3753; x_wconf 87' lang='lat' dir='ltr'>stipiti</span> <span class='ocrx_word' id='word_1_276' title='bbox 373 3668 432 3735; x_wconf 92' lang='lat' dir='ltr'>hoc</span> <span class='ocrx_word' id='word_1_277' title='bbox 455 3670 503 3733; x_wconf 90' lang='lat' dir='ltr'>est</span> <span class='ocrx_word' id='word_1_278' title='bbox 525 3668 717 3734; x_wconf 89' lang='lat' dir='ltr'>fortitudinis</span> <span class='ocrx_word' id='word_1_279' title='bbox 750 3669 872 3753; x_wconf 90' lang='lat' dir='ltr'>spiritui</span> <span class='ocrx_word' id='word_1_280' title='bbox 893 3667 1078 3735; x_wconf 87' lang='lat' dir='ltr'>innituntur.</span> <span class='ocrx_word' id='word_1_281' title='bbox 1123 3667 1166 3732; x_wconf 83' lang='lat' dir='ltr'>Et</span> <span class='ocrx_word' id='word_1_282' title='bbox 1184 3665 1252 3746; x_wconf 87' lang='lat' dir='ltr'>hac,</span> <span class='ocrx_word' id='word_1_283' title='bbox 1275 3667 1313 3730; x_wconf 91' lang='lat' dir='ltr'>ut</span> <span class='ocrx_word' id='word_1_284' title='bbox 1333 3664 1455 3730; x_wconf 90' lang='lat' dir='ltr'>dictum</span> 
     </span>
     <span class='ocr_line' id='line_1_31' title="bbox 251 3775 1454 3862; baseline -0.003 -18"><span class='ocrx_word' id='word_1_285' title='bbox 251 3781 308 3858; x_wconf 88' lang='lat' dir='ltr'>est,</span> <span class='ocrx_word' id='word_1_286' title='bbox 332 3780 539 3862; x_wconf 85' lang='lat' dir='ltr'>germanitate</span> <span class='ocrx_word' id='word_1_287' title='bbox 562 3778 735 3847; x_wconf 86' lang='lat' dir='ltr'>nostriJob</span> <span class='ocrx_word' id='word_1_288' title='bbox 758 3778 841 3845; x_wconf 87' lang='lat' dir='ltr'>filiae</span> <span class='ocrx_word' id='word_1_289' title='bbox 863 3783 926 3844; x_wconf 87' lang='lat' dir='ltr'>tres</span> <span class='ocrx_word' id='word_1_290' title='bbox 948 3778 970 3846; x_wconf 92' lang='lat' dir='ltr'>i.</span> <span class='ocrx_word' id='word_1_291' title='bbox 994 3798 1020 3845; x_wconf 90' lang='lat' dir='ltr'>e.</span> <span class='ocrx_word' id='word_1_292' title='bbox 1043 3777 1094 3843; x_wconf 84' lang='lat' dir='ltr'>uia</span> <span class='ocrx_word' id='word_1_293' title='bbox 1117 3775 1313 3859; x_wconf 89' lang='lat' dir='ltr'>moralitatis,</span> <span class='ocrx_word' id='word_1_294' title='bbox 1336 3775 1454 3841; x_wconf 62' lang='lat' dir='ltr'>redas</span> 
     </span>
     <span class='ocr_line' id='line_1_32' title="bbox 249 3873 1454 3975; baseline -0.002 -21"><span class='ocrx_word' id='word_1_295' title='bbox 249 3887 404 3973; x_wconf 80' lang='lat' dir='ltr'>physicae,</span> <span class='ocrx_word' id='word_1_296' title='bbox 437 3889 501 3954; x_wconf 84' lang='lat' dir='ltr'>vita</span> <span class='ocrx_word' id='word_1_297' title='bbox 524 3889 660 3956; x_wconf 89' lang='lat' dir='ltr'>theoriae</span> <span class='ocrx_word' id='word_1_298' title='bbox 682 3892 802 3975; x_wconf 89' lang='lat' dir='ltr'>septem</span> <span class='ocrx_word' id='word_1_299' title='bbox 834 3888 983 3957; x_wconf 85' lang='lat' dir='ltr'>iratribus</span> <span class='ocrx_word' id='word_1_300' title='bbox 1005 3873 1027 3956; x_wconf 58' lang='lat' dir='ltr'>iss</span> <span class='ocrx_word' id='word_1_301' title='bbox 1050 3908 1077 3955; x_wconf 91' lang='lat' dir='ltr'>e.</span> <span class='ocrx_word' id='word_1_302' title='bbox 1101 3889 1223 3974; x_wconf 89' lang='lat' dir='ltr'>septem</span> <span class='ocrx_word' id='word_1_303' title='bbox 1246 3885 1334 3952; x_wconf 88' lang='lat' dir='ltr'>donis</span> <span class='ocrx_word' id='word_1_304' title='bbox 1358 3884 1454 3970; x_wconf 89' lang='lat' dir='ltr'>spiri·</span> 
     </span>
     <span class='ocr_line' id='line_1_33' title="bbox 251 4000 534 4068; baseline 0.007 -2"><span class='ocrx_word' id='word_1_305' title='bbox 251 4004 341 4067; x_wconf 92' lang='lat' dir='ltr'>tuum</span> <span class='ocrx_word' id='word_1_306' title='bbox 364 4000 534 4068; x_wconf 88' lang='lat' dir='ltr'>sociantur.</span> 
     </span>
    </p>
   </div>
   <div class='ocr_carea' id='block_1_6' title="bbox 254 4371 501 4384">
    <p class='ocr_par' dir='ltr' id='par_1_6' title="bbox 254 4371 501 4384">
     <span class='ocr_line' id='line_1_34' title="bbox 254 4371 501 4384; baseline -0.016 0"><span class='ocrx_word' id='word_1_307' title='bbox 254 4371 501 4384; x_wconf 81' lang='lat'><em>———--</em></span> 
     </span>
    </p>
   </div>
   <div class='ocr_carea' id='block_1_7' title="bbox 353 4454 1069 4533">
    <p class='ocr_par' dir='ltr' id='par_1_7' title="bbox 353 4454 1069 4533">
     <span class='ocr_line' id='line_1_35' title="bbox 353 4454 1069 4533; baseline -0.006 -17"><span class='ocrx_word' id='word_1_308' title='bbox 353 4460 373 4533; x_wconf 86' lang='lat'>¹)</span> <span class='ocrx_word' id='word_1_309' title='bbox 391 4464 437 4516; x_wconf 89' lang='lat' dir='ltr'>sio.</span> <span class='ocrx_word' id='word_1_310' title='bbox 456 4460 512 4514; x_wconf 88' lang='lat' dir='ltr'>cod.</span> <span class='ocrx_word' id='word_1_311' title='bbox 536 4488 565 4500; x_wconf 91' lang='lat'><em>-</em></span> <span class='ocrx_word' id='word_1_312' title='bbox 588 4456 611 4528; x_wconf 78' lang='lat'>²)</span> <span class='ocrx_word' id='word_1_313' title='bbox 629 4459 673 4515; x_wconf 81' lang='lat' dir='ltr'>Pe.</span> <span class='ocrx_word' id='word_1_314' title='bbox 693 4457 736 4514; x_wconf 82' lang='lat'>83.</span> <span class='ocrx_word' id='word_1_315' title='bbox 760 4459 786 4515; x_wconf 76' lang='grc' dir='ltr'>ὓ.</span> <span class='ocrx_word' id='word_1_316' title='bbox 806 4472 840 4498; x_wconf 80' lang='grc'>’-</span> <span class='ocrx_word' id='word_1_317' title='bbox 861 4454 882 4526; x_wconf 81' lang='lat'>³)</span> <span class='ocrx_word' id='word_1_318' title='bbox 900 4457 957 4513; x_wconf 88' lang='lat' dir='ltr'>cod.</span> <span class='ocrx_word' id='word_1_319' title='bbox 977 4461 1069 4512; x_wconf 86' lang='lat' dir='ltr'>noster.</span> 
     </span>
    </p>
   </div>
   <div class='ocr_carea' id='block_1_8' title="bbox 0 0 1588 5190">
    <p class='ocr_par' dir='ltr' id='par_1_8' title="bbox 0 0 1588 5190">
     <span class='ocr_line' id='line_1_36' title="bbox 0 0 1588 5190; baseline 0 0"><span class='ocrx_word' id='word_1_320' title='bbox 0 0 1588 5190; x_wconf 95' lang='lat' dir='ltr'> </span> 
     </span>
    </p>
   </div>
  </div>
 </body>
</html>
