3168 5190
247 387 398 454 278·

245 574 377 645 persono
409 555 512 622 diuina
533 557 564 621 et
586 558 718 641 persona
750 554 885 620 humana
918 552 969 632 sit,
1007 553 1090 636 quod
1122 551 1235 618 dicitur
1256 570 1388 637 persona
1413 558 1450 619 et

245 685 376 753 persona
408 684 572 751 personam
592 684 654 731 non
677 665 824 750 duplicat,
859 682 894 729 eo
918 663 1000 748 qnod
1022 681 1103 728 unus
1140 666 1234 747 atque
1255 663 1338 730 idem
1359 663 1447 750 ipse,

246 782 282 844 ut
303 779 347 844 ait
368 776 516 856 Hilarius,
549 795 598 842 res
629 776 789 859 virtusque
824 777 953 840 naturae
976 773 1028 839 sit.
1071 772 1207 839 Interest
1238 776 1344 839 tamen
1377 793 1445 840 non

246 889 333 970 nihil,
355 905 429 953 nam
450 905 522 952 cum
543 886 576 951 iu
597 885 687 951 nobis
709 885 867 950 homiuem
896 884 1078 950 exteriorem
1099 887 1194 968 atque
1216 883 1373 949 hominem
1397 884 1451 951 in·

247 999 391 1066 terionem
413 997 545 1063 dicimus
577 996 663 1062 aliud
690 998 784 1079 atque
805 996 890 1061 aliud
913 993 1088 1079 siguificare
1110 994 1253 1060 uolumus
1276 1014 1348 1060 curn
1370 1013 1448 1062 vero

248 1109 407 1177 Christum
427 1125 592 1193 personam
615 1107 750 1173 diurnam
772 1112 804 1173 et
825 1124 990 1190 personam
1011 1105 1180 1170 humanam
1195 1105 1338 1185 dicimus,
1361 1106 1450 1173 sicut
1569 1116 1570 1154 l

246 1238 309 1285 non
330 1219 427 1285 alium
449 1221 480 1284 ct
501 1219 598 1284 alium
619 1218 664 1284 ita
686 1236 747 1283 non
769 1218 853 1283 aliud
875 1220 969 1300 atque
990 1216 1073 1281 aliud
1090 1214 1311 1300 significamus.
1334 1216 1447 1301 Neque

248 1331 330 1396 enim
361 1330 407 1394 ita
429 1330 604 1407 dividimus,
638 1331 675 1393 ut
696 1327 834 1394 Verbum
867 1326 970 1392 divina
992 1329 1024 1391 et
1045 1345 1108 1392 non
1139 1327 1276 1392 humana
1298 1330 1330 1393 et
1350 1327 1450 1393 homo

248 1445 429 1528 assumptus
452 1440 588 1507 humana
609 1443 641 1505 et
662 1458 724 1505 non
757 1440 861 1505 divina
882 1455 1016 1523 persona
1040 1438 1092 1518 sit,
1127 1438 1181 1504 sed
1204 1438 1346 1506 Christus
1368 1456 1453 1503 unus

249 1545 342 1638 atque
362 1552 445 1618 idem
465 1552 532 1636 ipse
554 1549 658 1617 divina
680 1551 773 1617 simul
794 1553 826 1616 et
846 1549 983 1616 humana
1002 1568 1134 1634 persona
1157 1554 1214 1616 est.
1253 1549 1343 1632 Quod
1365 1549 1393 1614 si
1418 1551 1452 1614 et

248 1664 390 1730 Verbum
412 1664 482 1748 quis
504 1664 673 1729 humanam
703 1671 796 1747 atque
817 1661 975 1727 homiuem
997 1664 1195 1745 assumptum
1217 1660 1354 1726 divinem
1374 1679 1475 1746 per·-

250 1794 359 1842 sonam
380 1775 490 1842 dixerit
510 1793 574 1840 nou
595 1773 722 1856 errabit,
756 1792 792 1839 eo
815 1774 898 1857 quod
918 1769 1057 1838 Verbum
1078 1789 1240 1838 assumens
1262 1790 1325 1836 non
1347 1772 1454 1838 solum

251 1887 355 1953 divina
375 1903 510 1972 persona
531 1889 588 1966 est,
612 1903 691 1969 quae
712 1883 753 1950 ab
776 1886 901 1949 aeterno
924 1882 993 1963 fuit,
1017 1883 1072 1948 sed
1085 1882 1212 1966 insuper
1226 1882 1363 1948 humana
1376 1902 1453 1968 per·

251 2015 327 2082 sona
349 2016 418 2063 esso
439 1996 549 2080 coepit,
583 1995 677 2061 homo
699 2014 771 2061 vero
794 1994 888 2059 simul
909 1993 1002 2059 homo
1025 1996 1058 2058 et
1078 1993 1174 2073 Deus,
1198 1993 1291 2059 simul
1314 1994 1453 2060 humana

251 2110 283 2176 et
305 2107 408 2174 divina
429 2124 563 2193 persona
584 2107 688 2192 coepit
712 2106 851 2172 existere.
885 2103 975 2172 Siout
996 2107 1101 2170 antem
1124 2122 1180 2188 ego
1203 2104 1336 2171 existens
1354 2104 1452 2170 homo

253 2219 328 2284 dum
348 2217 448 2284 bonus
472 2236 539 2284 esse
560 2216 673 2302 incipio
695 2215 852 2283 hominem
873 2234 936 2282 nou
958 2216 1093 2302 duplica
1115 2215 1160 2281 ita
1182 2220 1214 2282 et
1229 2215 1372 2284 Christus
1396 2236 1452 2284 ens

252 2345 386 2414 persono
407 2326 520 2409 moine,
555 2328 629 2393 dum
650 2345 782 2412 persona
803 2328 940 2394 humana
961 2346 1029 2393 esee
1053 2327 1170 2412 coepit,
1203 2345 1368 2412 personam
1389 2347 1454 2396 non

254 2439 430 2525 duplicavit.

355 2550 472 2636 Accipe
510 2549 604 2616 aliud.
649 2548 682 2616 Si
718 2550 751 2615 in
788 2568 882 2616 unam
918 2568 1085 2636 personam
1122 2567 1254 2636 regnum
1286 2553 1318 2616 et
1350 2566 1454 2616 sacer·

255 2662 375 2728 dotium
407 2661 591 2728 conueniant
624 2663 731 2728 eadem
763 2681 895 2747 persona
925 2663 986 2728 dici
1006 2665 1112 2747 potest
1144 2681 1223 2729 uuus
1246 2680 1298 2728 rer
1319 2666 1351 2728 et
1371 2681 1454 2729 unns

255 2773 409 2853 sacerdos,
440 2791 521 2838 unus
543 2775 576 2837 et
595 2791 676 2838 nnus
699 2774 939 2858 duplicationem
955 2786 1023 2839 ¹non
1044 2772 1135 2853 facit;
1167 2773 1312 2840 similiter
1333 2777 1365 2840 ot
1387 2773 1455 2840 Do·

256 2882 359 2948 minus
381 2882 487 2962 Jesus,
520 2901 593 2950 oum
623 2883 665 2949 sit
696 2902 777 2950 unus
806 2886 888 2968 apud
920 2888 1044 2971 patrem
1065 2888 1096 2950 et
1117 2903 1215 2952 unum
1248 2904 1320 2952 cum
1352 2888 1453 2970 patra,

256 3011 347 3058 verus
369 3013 422 3059 rer
443 2994 585 3078 petrique
607 2994 882 3062 consubstantialis
915 2995 998 3062 filius
1021 2999 1053 3063 et
1074 3015 1155 3063 unus
1177 2997 1261 3082 apud
1282 3015 1338 3062 nos
1361 2999 1455 3080 atque

257 3123 355 3198 uuum
375 3104 539 3170 uobiscum
560 3124 650 3171 verus
672 3106 820 3191 pontifex,
855 3126 947 3174 verus
969 3108 1062 3173 homo
1086 3110 1180 3191 atquo
1201 3105 1335 3172 hominis
1357 3105 1454 3185 filins,

257 3215 343 3280 nulla
375 3219 479 3281 tamen
510 3233 660 3300 personae
691 3216 905 3283 introducetur
927 3218 1105 3302 duplicatio,
1138 3236 1210 3284 cum
1231 3236 1312 3283 unus
1332 3216 1401 3300 ipse
1423 3221 1456 3283 et

257 3343 320 3391 non
343 3327 421 3393 alter
442 3330 609 3411 utrumque
630 3327 652 3392 i.
674 3347 700 3392 e.
723 3326 815 3393 homo
831 3331 864 3393 et
877 3329 963 3395 Deus
978 3328 1142 3413 utrobique
1157 3329 1176 3393 i.
1194 3347 1221 3394 e.
1237 3327 1318 3412 apud
1331 3330 1456 3413 patrem

259 3445 291 3508 et
312 3439 394 3524 apud
425 3459 482 3506 nos
504 3444 635 3525 persona
658 3440 709 3506 sit.
752 3439 844 3504 Libet
862 3442 968 3506 autem
989 3439 1050 3506 hoo
1085 3441 1190 3525 ipsum
1211 3459 1247 3506 er
1276 3439 1455 3506 mediatoris

259 3550 515 3637 aequilibratione
545 3551 745 3636 perpendere.
788 3549 944 3617 Mediator
976 3551 1060 3617 enim
1092 3551 1173 3616 inter
1202 3569 1259 3616 nos
1282 3552 1313 3616 et
1334 3553 1456 3633 patrem

259 3663 381 3728 nemine
404 3661 565 3728 dubitante
588 3662 740 3728 Dominus
763 3667 812 3728 est
833 3663 937 3730 lesus,
960 3663 1141 3730 Mediatoris
1157 3667 1263 3730 eutem
1278 3665 1326 3728 est
1341 3679 1457 3746 aequa·

260 3773 332 3839 liter
352 3792 386 3839 se
407 3771 520 3838 habere
549 3772 589 3837 ad
620 3774 797 3856 utmmqne.
840 3770 1002 3857 Siquidem
1024 3778 1056 3840 et
1076 3775 1157 3861 lapis
1179 3773 1337 3859 angularis
1372 3773 1456 3857 quod

261 3884 337 3949 item
358 3886 406 3948 est
427 3882 495 3968 ipse
510 3882 662 3947 Dominus
678 3883 772 3950 lesus
794 3903 856 3950 non
878 3885 1095 3950 convenienter
1116 3887 1287 3968 utrumque
1301 3884 1452 3967 parietem

258 3991 414 4078 jungeret,
435 3993 496 4058 nisi
517 3989 685 4077 aequaliter
706 3995 830 4079 utrique
852 3995 1037 4061 conveniret.
1061 3996 1183 4079 Quanta
1204 4014 1276 4061 vero
1298 3995 1456 4062 internos

264 4107 295 4168 et
315 4105 442 4169 Patrem
463 4104 565 4169 Deum
587 4110 654 4171 erat
675 4105 847 4172 meando?
886 4105 990 4172 Taceo
1012 4110 1117 4173 antem
1141 4107 1223 4191 quod
1244 4107 1329 4172 Deus
1347 4105 1455 4190 justus

263 4216 313 4280 rel
329 4213 568 4299 justitia,homo
583 4220 741 4299 peccatum
763 4216 848 4282 Deus
869 4216 922 4282 lux
944 4234 1016 4283 uera
1037 4218 1183 4284 ethome
1206 4216 1360 4298 tenebrae,
1379 4234 1457 4301 quae

264 4325 455 4390 adinvicem
476 4328 559 4392 nullo
582 4345 732 4413 umquam
753 4329 923 4394 mediatore
945 4328 1140 4395 conueniunt.
1174 4328 1260 4411 Quae
1283 4328 1365 4394 enim
1385 4345 1457 4414 par·

265 4435 403 4522 tioipatio
427 4437 488 4504 luci
509 4438 548 4502 ad
570 4438 722 4521 tenebras,
740 4439 882 4524 justitiae
906 4458 977 4506 cum
1000 4439 1188 4524 iniquitate?
1230 4438 1321 4507 Unde
1341 4440 1373 4505 et
1394 4438 1458 4506 Do·
