3172 5202
209 353 270 422 122

199 525 349 594 nImirum
385 523 516 593 concilio
554 523 664 592 electio
699 522 733 588 in
767 519 972 590 Octavianum
1009 524 1094 591 faeta
1130 523 1313 592 confirmata
1345 527 1405 604 est,

198 635 332 702 maxime
366 636 450 719 quod
471 635 555 702 idenr
578 633 767 703 Octauianus
801 634 900 701 eidem
931 634 1060 702 concilio
1082 636 1293 721 praesentiam
1314 651 1407 702 snam

198 746 370 814 exhibuerit
403 751 436 814 et
465 747 537 832 qula
558 765 579 813 a
600 746 731 814 sanioris
764 745 838 813 licet
865 746 1022 833 paucioris
1044 746 1167 813 numeri
1187 748 1275 831 parte
1297 743 1407 813 Cardi-

198 858 326 940 nalium,
349 860 386 924 ut
406 855 542 941 ajebant,
565 859 681 925 electus
703 876 741 924 ao
762 857 847 942 prIor
861 857 1054 925 immantatus
1069 859 1163 942 atque
1177 856 1405 923 inthronizatus

198 969 241 1036 sit
262 972 295 1036 et
315 986 334 1034 a
356 969 494 1035 romanis
527 968 647 1036 civibus
669 987 749 1054 papa
771 969 924 1036 clamatus
954 987 1012 1037 nec
1034 987 1097 1036 non
1119 987 1139 1034 a
1160 967 1296 1034 maxima
1316 969 1408 1052 parte

200 1078 334 1147 Romani
366 1079 441 1146 oleri
461 1080 616 1166 papaliter
637 1081 802 1146 salutatus.
841 1079 959 1147 hlectio
982 1098 1055 1146 vero
1077 1080 1110 1146 in
1131 1079 1310 1146 Rulandum
1332 1095 1408 1144 can·

198 1189 359 1258 cellarium
391 1189 476 1258 faeta
496 1191 530 1258 in
551 1193 660 1260 eodem
693 1191 822 1259 concilio
846 1194 968 1258 cassata
989 1194 1048 1271 est,
1084 1189 1218 1256 maxime
1251 1188 1325 1274 quia
1345 1207 1406 1256 nec

197 1301 407 1388 praesentiam
440 1320 531 1369 suam
552 1302 684 1369 concillo
706 1300 847 1368 exhibuit
881 1320 940 1369 noc
961 1321 1016 1387 per
1036 1302 1158 1386 legatos
1181 1300 1308 1367 idoneos
1330 1317 1407 1366 oon·

199 1412 270 1479 cilio
293 1412 434 1479 ordinem
466 1413 625 1480 electionis
662 1432 737 1481 suae
759 1432 908 1498 exponere
931 1413 1052 1480 curarit
1073 1416 1106 1479 et
1131 1411 1205 1497 qnia
1226 1414 1335 1478 notam
1356 1411 1407 1476 in·

199 1522 313 1590 lamiae
335 1541 429 1607 super
450 1521 544 1591 verbo
565 1522 620 1589 illo
644 1522 882 1609 conspirationis
915 1541 972 1590 nec
994 1542 1051 1608 per·
1074 1542 1107 1589 re
1129 1541 1187 1589 nec
1208 1522 1407 1607 perlegales

200 1633 363 1718 depulerit.
408 1632 549 1702 Aderant
571 1637 677 1701 tamen
699 1635 776 1700 satis
798 1633 901 1715 vicini,
935 1633 969 1698 in
1000 1632 1128 1700 cirItate
1150 1632 1269 1699 scilicet
1290 1632 1407 1716 Janna,

198 1744 260 1811 duo
281 1744 378 1830 legati
399 1743 557 1812 Romanae
579 1745 728 1812 ecclesiae
749 1745 789 1811 ab
810 1744 985 1811 Alexandro
1008 1748 1040 1811 et
1062 1741 1270 1810 cardinalibus
1291 1741 1325 1807 in
1344 1741 1421 1807 hoc·

199 1873 276 1940 opus
298 1854 398 1937 missi,
432 1855 487 1922 aad
507 1855 564 1936 illi,
588 1859 624 1924 ut
646 1856 816 1937 dicebatur,
856 1855 1068 1942 praesentiam
1089 1871 1180 1922 suam
1203 1851 1331 1920 concilio
1354 1870 1408 1919 ex-

198 1964 305 2032 hibere
326 1954 494 2032 noluerunt
515 1966 576 2034 nisi
598 1966 642 2034 eis
664 1966 698 2032 in
720 1967 829 2034 eodem
852 1967 982 2034 concilio
1004 1966 1091 2032 locus
1114 1964 1310 2052 praesidendi
1331 1981 1410 2030 con·
1505 2043 1512 2051 ‚

199 2076 368 2158 cederetur,
392 2076 477 2162 quod
497 2075 629 2144 verbum
650 2096 670 2143 a
691 2077 821 2144 concillo
839 2080 999 2162 receptum
1015 2079 1151 2158 nonest,
1173 2075 1308 2142 maxime
1330 2073 1406 2160 qula
1504 2056 1510 2062 ¹

197 2189 324 2274 propria
355 2187 498 2274 ipsorum
530 2205 625 2255 cauea
657 2192 726 2255 erat
745 2189 780 2254 In
801 2188 910 2255 eodem
943 2188 1076 2256 concillo
1108 2187 1295 2257 ventilanda.
1342 2185 1406 2254 Sed

198 2316 298 2384 neque
321 2297 509 2366 Oetarimus
543 2299 766 2367 consultationi
798 2299 922 2366 concilii
954 2298 1115 2381 interluit,
1149 2300 1204 2366 sed
1226 2299 1348 2384 qnando
1370 2298 1407 2365 in

200 2409 267 2495 ejus
300 2401 483 2478 electionem
504 2426 524 2477 a
545 2408 686 2492 concilio,
720 2409 821 2476 tribus
855 2410 993 2496 exceptIs
1023 2410 1188 2498 episcopia
1221 2427 1409 2478 consensum

199 2524 258 2604 est,
280 2525 355 2590 tuno
376 2520 477 2608 primo
499 2521 532 2590 io
554 2522 721 2592 concilium
742 2522 954 2607 introgressus
976 2524 1032 2589 eat,

672 2862 783 2932 Cap.
802 2862 922 2920 LXI·

199 2981 246 3052 Ile
260 2981 399 3052 concilio
410 2982 496 3072 apud
508 2983 656 3056 dolosam
671 2987 846 3074 celebrato,
858 2987 914 3058 ubi
924 3004 1003 3076 pars
1015 2983 1184 3055 Octavimi
1196 2983 1411 3065 dannatum)

299 3167 431 3236 Interim
452 3188 525 3237 uero
548 3171 623 3238 dum
645 3171 723 3241 haec
745 3174 912 3242 scribimus
936 3178 969 3241 et
983 3175 1022 3240 ad
1037 3171 1272 3258 praeferendam
1286 3175 1412 3258 partem

199 3279 335 3347 lictorIs
356 3298 415 3366 pro
438 3281 612 3347 reverenda
633 3283 767 3350 maxime
790 3285 913 3352 concilii
936 3285 1052 3372 Papiae
1074 3285 1223 3353 celebrati
1238 3282 1411 3349 artIculum

196 3389 330 3475 jamjam
352 3388 417 3456 iere
437 3391 634 3474 inclinamus,
657 3411 693 3459 eo
710 3396 792 3479 quod
807 3395 908 3462 eidem
923 3396 1052 3464 concillo
1069 3395 1182 3462 Victor
1196 3391 1412 3479 praesentiam

202 3519 293 3569 suam
313 3502 475 3569 humiliter
497 3502 644 3586 exhibuit,
666 3505 841 3574 Alexander
862 3526 934 3574 uero
958 3507 1048 3593 quasi
1066 3506 1221 3592 judicium
1234 3505 1413 3571 humanum

202 3612 373 3698 dedignans
403 3615 460 3679 aut
481 3614 572 3696 forte,
611 3618 695 3701 quod
716 3621 766 3684 est
787 3617 975 3699 credibilius,
999 3621 1178 3702 suspectam
1198 3613 1411 3701 imperatoris,

202 3741 296 3808 quem
310 3724 378 3808 Ipse
391 3725 426 3790 in
440 3723 544 3810 aliquo
561 3727 740 3810 offenderat,
763 3728 881 3797 habens
896 3730 1103 3816 praesentirem
1118 3727 1321 3812 semetIpsum
1335 3742 1414 3792 cau·

202 3851 331 3919 samque
352 3853 442 3902 suam
456 3835 483 3923 ²)
506 3836 607 3904 eidem
628 3841 759 3908 concillo
783 3843 907 3909 credere
921 3843 1023 3908 noluit
1037 3843 1094 3907 aut
1110 3841 1182 3926 ana
1198 3838 1410 3907 Octauianum

202 3948 256 4032 qui
287 3965 414 4015 causam
447 3967 538 4015 suam
571 3951 693 4018 concilii
727 3953 897 4039 cognitioni
930 3952 1081 4020 offerebat
1109 3952 1284 4033 auditione,
1318 3948 1414 4034 juxta

305 4163 325 4234 ¹)
343 4165 420 4218 Notat
438 4163 518 4219 Stalz.
546 4163 692 4231 Spttestens
711 4169 746 4220 im
765 4165 878 4220 Herhste
898 4166 979 4222 1161.
1004 4167 1030 4222 S.
1050 4165 1210 4232 bamberger
1229 4165 1412 4234 synchronlst.

345 4261 499 4315 (ieschichte
518 4260 595 4317 VIII.
614 4262 676 4317 I32.
707 4263 776 4317 Vide
793 4264 849 4324 hoe,
877 4278 1036 4331 sequensque
1060 4278 1117 4329 cap.
1136 4263 1248 4316 (iretser.
1274 4260 1322 4330 op.
1343 4275 1414 4314 omn.

345 4362 416 4415 'Iona
439 4359 483 4417 vl.
503 4377 528 4429 p.
547 4358 610 4416 588.

305 4459 327 4529 ¹)
345 4459 401 4517 cod.
422 4476 506 4529 praes.
532 4476 605 4514 suam
623 4477 685 4519 seru.
704 4477 815 4517 causam.
836 4477 916 4518 suem.
