3172 5202
221 425 283 496 1‘38

220 599 286 666 Dei.
309 601 383 666 Jam
404 618 476 666 uero
497 601 530 666 in
551 600 788 668 homicidiorum
809 619 846 668 ec
868 602 1080 668 vastationum
1102 604 1192 669 reatu
1212 600 1311 669 miror
1332 603 1421 688 quod

219 727 281 775 non
302 711 416 777 timent
436 711 635 797 participium
657 713 708 792 hi,
731 714 784 795 qui
807 731 859 778 eos
881 711 1021 779 animant
1042 714 1082 779 ad
1103 711 1326 794 rebellandum,
1348 731 1423 779 ma-

219 821 299 887 ximo
331 825 439 888 contra
470 822 607 888 diuinam
630 825 864 905 ordinationem,
898 842 917 889 a
940 843 999 908 quo
1023 827 1123 892 omnis
1145 827 1287 912 potestas
1310 827 1358 890 ost
1379 841 1421 892 ac

219 932 316 998 Paulo
349 933 490 1016 apostolo
523 936 729 1020 praecipiente
765 935 958 1022 principibus
991 953 1027 1002 ac
1059 932 1267 1020 potestatibus
1305 934 1421 1019 subjici

219 1041 338 1108 debere.
362 1043 421 1110 Sed
443 1037 700 1130 quousque'duos
722 1046 793 1113 illos
815 1047 967 1130 pessimos
989 1046 1180 1113 consiliarios
1195 1047 1358 1113 avaritiam
1379 1050 1416 1113 et

218 1155 397 1239 superbiam
418 1158 629 1241 prosequendo
650 1158 825 1243 prolabor?
841 1160 864 1244 ¹)
901 1160 1068 1243 Quousque
1089 1177 1140 1223 me
1160 1158 1296 1243 impetus
1319 1159 1416 1244 spiri-

217 1267 269 1330 tus
293 1270 399 1333 contra
434 1267 553 1334 fastum
575 1272 606 1334 et
627 1273 793 1352 quaestum
814 1272 993 1355 loquentem
1015 1270 1169 1355 impulit?
1212 1268 1414 1335 Demittenda

212 1373 281 1460 jam
302 1377 371 1442 vela
393 1384 475 1459 sunt,
498 1398 537 1444 ne
558 1381 639 1446 forte
659 1385 691 1447 et
712 1382 744 1446 in
766 1399 877 1467 aspera
898 1383 967 1449 loca
980 1383 1164 1465 incidamus,
1186 1381 1213 1446 si
1234 1381 1317 1446 ultra
1337 1398 1414 1466 pro-

216 1487 318 1573 gressi
339 1488 498 1557 fuerimus.
522 1491 700 1576 Arguemur
723 1494 806 1559 enim
828 1493 908 1560 forte
929 1494 1024 1559 etiam
1039 1511 1133 1576 snper
1146 1491 1206 1573 his,
1230 1509 1308 1576 quae
1328 1491 1415 1557 dicta

223 1603 306 1682 sunt,
329 1619 364 1665 os
387 1601 419 1666 in
440 1601 561 1668 coelum
583 1605 734 1686 posuisse.
755 1605 801 1672 At
821 1625 878 1673 nos
894 1608 1002 1673 contra
1015 1604 1147 1685 coelum,
1163 1602 1245 1688 quod
1259 1600 1415 1686 sapientia

217 1709 371 1778 inhabitat
403 1714 435 1778 et
457 1714 538 1797 quod
571 1715 658 1780 sedes
682 1715 739 1782 Dei
761 1720 819 1797 est,
851 1717 937 1798 nihil,
970 1721 1006 1784 nt
1027 1715 1169 1797 aestimo,
1201 1713 1333 1780 diximus
1355 1711 1414 1777 sed

216 1841 272 1888 nec
295 1829 403 1891 contra
435 1825 537 1890 coelos
570 1826 736 1893 rationales
764 1828 897 1913 gloriam
930 1829 988 1895 Dei
1020 1831 1198 1895 enarrantes
1220 1843 1257 1892 ao
1278 1824 1415 1908 desuper

215 1937 366 2015 rorantes,
400 1939 506 2002 contra
538 1937 647 2020 nubes,
684 1958 761 2024 quae
792 1942 907 2026 pluunt
935 1941 1058 2027 justum
1080 1945 1112 2008 et
1128 1939 1297 2024 justitiam,
1330 1934 1411 2002 nihil

215 2046 312 2112 locuti
333 2065 450 2127 sumus,
486 2049 539 2114 sed
562 2049 589 2115 si
611 2051 735 2134 quidem
768 2055 817 2118 est
838 2054 959 2120 coelum
993 2071 1123 2120 aeneum
1145 2052 1263 2119 viscera
1283 2045 1414 2136 pietatis

217 2160 316 2224 terrae
339 2156 497 2243 subjectae
519 2162 673 2244 claudens,
696 2163 734 2228 de
756 2165 908 2232 scandalis
932 2167 1032 2232 terrae
1046 2163 1206 2232 rationalis
1221 2178 1284 2227 non
1299 2175 1413 2225 curans

216 2271 361 2356 aerugine
383 2276 414 2338 et
435 2271 576 2358 rubigine
608 2279 709 2341 terrae
740 2277 871 2342 virentia
899 2296 1048 2362 perurens
1071 2273 1204 2342 fulmina
1225 2275 1257 2339 st
1277 2275 1414 2338 terrores

217 2385 323 2449 contra
344 2383 522 2450 innocentes
540 2384 669 2470 jaciens,
692 2391 838 2454 nocentes
853 2407 926 2454 vero
942 2405 978 2454 ac
993 2387 1122 2456 rebelles
1133 2384 1276 2471 justitiae
1293 2380 1414 2460 fovens,

216 2493 244 2560 si
266 2512 343 2580 quae
365 2499 439 2562 sunt
460 2497 558 2563 nubes
580 2499 647 2566 sine
667 2516 747 2584 aqua
769 2503 800 2565 et
820 2497 950 2567 nebulae
975 2496 1151 2566 turbinibus
1173 2495 1309 2582 agitatae
1329 2489 1414 2576 ignis

216 2610 381 2695 grandines
404 2611 436 2673 et
457 2608 543 2674 nives
576 2612 682 2677 noxias
716 2612 892 2678 emittentes
929 2614 1037 2679 contra
1060 2627 1092 2676 se
1115 2609 1198 2675 dicta
1220 2605 1413 2690 cognoscant

216 2720 243 2787 si
266 2738 343 2805 quae
365 2721 490 2787 duriora
516 2741 535 2787 a
557 2721 646 2788 nobis
668 2724 788 2807 prolata
810 2727 893 2788 sunt.

316 2831 382 2899 llos
397 2836 502 2899 autem
517 2837 625 2899 contra
640 2835 793 2900 neminem
807 2834 1012 2920 personaliter
1026 2847 1200 2898 sermonem
1214 2826 1412 2908 direximusl)

217 2943 271 3010 sed
293 2946 527 3027 consequentias
560 2946 711 3028 quasdam
747 2965 911 3013 causarum
933 2947 1086 3012 malarum
1107 2940 1358 3028 praecedentium
1380 2942 1416 3005 et

217 3054 384 3122 effectuum
405 3055 614 3141 pessimorum
636 3057 857 3139 contexuimus,
891 3077 970 3142 quos
992 3057 1109 3143 partim
1130 3053 1275 3135 vidimus,
1296 3050 1413 3136 partim

217 3184 339 3250 quoquo
359 3165 459 3232 adbuc
481 3167 603 3234 futuras
626 3166 839 3234 formidamus.
876 3168 979 3235 Semel
999 3186 1133 3252 nomque
1153 3165 1255 3251 posito
1277 3163 1334 3246 his,
1359 3162 1415 3247 qui

216 3277 248 3344 in
269 3278 399 3344 ecclesia
420 3278 478 3344 Dei
499 3279 636 3364 episcopi
658 3280 707 3344 rel
729 3281 944 3365 episcoporum
967 3280 1109 3365 magistri
1130 3297 1166 3345 ao
1187 3282 1295 3364 patres
1315 3275 1414 3362 positi

215 3393 299 3470 sunt,
322 3390 360 3456 de
381 3391 535 3456 scandalis
572 3391 719 3457 ecclesiae
740 3411 802 3457 non
824 3409 932 3458 curare
953 3393 1053 3458 altum
1076 3409 1184 3477 sapere
1205 3408 1262 3456 noc
1283 3385 1412 3454 humili·

216 3498 275 3566 bus
298 3501 471 3567 consentire
493 3518 529 3567 ac
551 3520 612 3568 non
635 3503 804 3568 secundum
825 3503 937 3569 lesum
960 3502 1120 3570 Christum
1142 3498 1356 3567 dubitantibus
1379 3500 1414 3564 et

217 3615 431 3680 scandalizatis
465 3611 613 3680 iratribus
636 3632 673 3679 ac
695 3614 854 3698 discipulis
887 3616 979 3696 latus,
1016 3631 1127 3681 manus
1148 3631 1185 3680 ac
1205 3611 1300 3697 pedes
1323 3610 1414 3674 inno·

217 3725 338 3791 centiae
358 3724 505 3791 ridendas
537 3743 574 3791 oc
596 3725 766 3810 palpandas
788 3725 1000 3791 demonstrare
1032 3743 1104 3790 oum
1121 3728 1156 3792 ot
1175 3723 1209 3789 hi
1231 3724 1292 3789 duo
1311 3719 1416 3786 consi·

216 3837 298 3903 liarii
319 3837 456 3921 pessimi,
488 3835 631 3922 superbia
654 3840 686 3903 et
707 3838 845 3918 avaritia,
879 3839 1004 3925 penitus
1036 3837 1166 3903 admissi
1198 3834 1314 3902 inerint
1334 3832 1414 3898 nihil

218 3950 383 4030 malorum,
407 3965 485 4032 quae
508 3949 651 4030 diximus,
675 3949 762 4034 sequi
784 3949 988 4018 dubitandum
1010 3968 1071 4016 non
1094 3952 1152 4016 est.
1175 3948 1298 4014 Immo
1320 3964 1413 4014 vero

321 4214 748 4288 ι)(1Ιοιιιιιιιιις.ιιὶιιι.1525τ
780 4217 846 4268 Nou
866 4217 1093 4283 poeniteatis
1111 4213 1193 4266 bone
1211 4215 1276 4276 rin,
1297 4215 1379 4280 quio
1397 4227 1414 4263 e

360 4317 434 4368 luto
451 4329 566 4367 aurum
585 4313 772 4379 collegiati.

320 4413 341 4484 ²)
359 4414 448 4468 illoesa
467 4427 547 4478 marg.
566 4413 601 4465 ab
617 4430 641 4469 s.
663 4413 748 4471 1525:
778 4415 876 4468 Modo
900 4417 992 4467 rixa
1010 4414 1168 4481 personis
1193 4413 1258 4467 tibi
1283 4417 1414 4482 tempa-

361 4527 437 4567 rora
455 4528 573 4580 possus.
