3168 5214
146 1261 325 1389 'irunnu
355 1273 465 1390 tortu
491 1263 681 1556 trueupp
713 1290 849 1558 eutrop
881 1267 1063 1424 senonim
1095 1269 1252 1416 trium
1277 1297 1302 1395 r.
1326 1295 1355 1398 r.

639 1458 697 1556 uo
722 1457 816 1578 nuc
840 1459 901 1559 ur.

127 1675 146 1741 Ῑ
248 1672 316 1810 §ed
339 1702 414 1766 dum
437 1701 589 1788 Spiritum
613 1709 756 1770 sanctum
778 1723 797 1769 a
819 1705 913 1771 Patre
935 1705 1029 1771 simul
1044 1709 1075 1771 et
1090 1705 1169 1770 Filio
1185 1708 1354 1791 procedere

146 1817 319 1882 secundum
340 1832 505 1878 romanum
531 1814 707 1898 symbolum
734 1817 864 1882 dicimus
881 1816 1071 1884 Graecorum
1093 1816 1235 1882 nuditum
1257 1818 1354 1884 offon-

146 1928 247 1992 simus
270 1925 454 2010 negantium
477 1926 630 2011 Spiritum
652 1930 829 1993 senctuma
848 1926 925 1992 Filio
947 1927 1121 2010 procedere.
1143 1927 1229 1992 Nom
1244 1929 1351 2009 soiius,

146 2038 303 2120 inquiunt,
322 2035 425 2102 Putris
442 2038 602 2122 proprium
624 2037 684 2103 hoc
706 2041 755 2103 est
775 2039 813 2103 de
827 2058 861 2103 se
877 2034 1032 2122 Spiritum
1048 2041 1192 2103 sanctum
1210 2039 1352 2105 emittere

147 2150 231 2215 sicut
253 2149 368 2214 Filium
391 2167 513 2232 quoque
535 2167 570 2213 ex
593 2168 626 2213 se
648 2167 804 2234 generare,
841 2149 888 2214 At
908 2168 966 2214 nos
989 2149 1090 2234 magis
1112 2149 1281 2234 Evangelio
1303 2152 1353 2215 et-

147 2281 208 2346 que
230 2261 412 2348 epostoiieie
445 2260 558 2326 litteris
591 2278 684 2343 quom
706 2261 898 2327 Graecorum
931 2259 1115 2344 vaniloquiis
1149 2259 1349 2326 intendimus.

147 2372 230 2454 Quid
252 2372 335 2438 enim
357 2370 447 2437 uobis
470 2372 554 2436 alind
577 2372 730 2436 Dominus
747 2373 841 2439 Jesus
858 2375 944 2438 stans
960 2373 992 2436 in
1006 2372 1108 2436 medio
1127 2371 1352 2457 discipulorum

147 2482 324 2566 siguificare
347 2483 445 2548 voluit
464 2481 652 2548 insufflando
675 2486 706 2547 et
729 2484 866 2547 docendo
883 2483 1035 2568 Spiritum
1056 2485 1209 2558 sanctum,
1233 2481 1294 2546 nisi
1315 2483 1352 2547 ut

147 2593 297 2658 sciremus
318 2593 423 2677 ipsum
445 2611 508 2658 non
530 2595 633 2658 minus
667 2597 829 2678 potentem
853 2593 946 2658 Patre
969 2594 1006 2658 de
1029 2612 1064 2657 se
1086 2591 1239 2677 Spiritum
1262 2609 1352 2656 senc·

147 2709 217 2769 tum
238 2704 391 2783 emittere,
415 2704 488 2770 deta
510 2705 658 2770 nimirum
673 2722 735 2770 nou
751 2704 854 2768 solum
868 2703 972 2769 Verbo
994 2704 1026 2768 in
1048 2721 1093 2785 eo,
1112 2703 1195 2786 quod
1208 2702 1350 2788 genitum

146 2818 204 2894 est,
228 2815 282 2879 sed
305 2815 401 2880 etiem
412 2815 531 2880 homini
541 2821 670 2900 propter
689 2814 894 2880 obedientiam
910 2815 1168 2892 consummatam,
1186 2812 1351 2898 sicutipse

145 2928 280 2992 testatus
315 2929 364 2990 est
397 2945 561 3012 resurgens
584 2945 602 2992 a
625 2928 767 3004 mortuis,
792 2926 877 2992 omni
911 2927 1068 3009 potestate
1100 2924 1133 2989 in
1156 2924 1241 2989 coelo
1264 2923 1350 2990 etin

145 3040 236 3103 terre.
268 3037 359 3104 Unde
379 3037 463 3102 idem
484 3037 567 3104 filius
590 3040 668 3104 elius
692 3057 813 3122 quoque
836 3039 970 3102 testetur
991 3036 1113 3102 dicens:
1134 3052 1350 3120 quaecum·

146 3167 218 3232 que
251 3149 356 3213 euim
388 3148 460 3213 ilie
494 3153 526 3213 et
558 3148 657 3215 Peter
690 3148 766 3215 iecit
798 3147 897 3213 haec
926 3151 966 3212 et
994 3148 1128 3214 Filius
1151 3145 1349 3212 similiter

145 3259 307 3343 faeiem)
335 3261 427 3326 Item.
461 3259 573 3327 Sicut
596 3263 698 3328 enim
721 3262 857 3341 Peter,
879 3261 990 3344 inquit,
1014 3258 1133 3324 hebet
1155 3259 1283 3323 vitem
1304 3257 1345 3322 in

145 3374 376 3457 semetipso,
400 3375 457 3441 sic
490 3373 598 3440 dedit
631 3376 666 3438 et
688 3373 787 3438 Filio
812 3373 931 3438 ritem
964 3368 1114 3435 hebere
1135 3369 1173 3433 in
1195 3371 1349 3433 semet·

144 3489 273 3572 ipso.⁹)
295 3488 380 3570 Quee
403 3491 452 3554 eet
472 3491 578 3553 entem
600 3487 665 3553 rito
686 3487 706 3552 i.
730 3506 755 3551 e.
779 3488 919 3571 potentes
943 3479 1118 3548 vivificandi
1132 3485 1284 3559 mortuos,
1311 3481 1349 3545 de

146 3618 207 3686 qne
231 3600 438 3687 spiritualiter
467 3599 500 3663 in
533 3598 596 3663 hoc
622 3597 704 3662 dicte
737 3596 850 3680 egitur,
885 3592 945 3658 uisi
969 3591 1103 3676 Spiritus
1127 3592 1227 3658 sancti
1248 3591 1349 3657 insuf-

144 3713 240 3794 flatio,
275 3711 342 3778 sino
365 3711 552 3796 quantillus
575 3711 771 3773 mortuorum
804 3709 870 3773 sire
892 3707 925 3772 in
947 3706 1052 3771 anime
1075 3705 1140 3771 sive
1162 3704 1195 3768 in
1218 3722 1347 3789 corpore

143 3828 233 3912 plene
263 3823 414 3890 vivificari
446 3822 574 3906 potest?
620 3817 703 3884 Nam
734 3819 890 3902 quomodo
924 3815 1100 3883 membrum
1133 3814 1348 3898 pretiosume

145 3953 273 4020 corpore
305 3934 393 4000 viteli
428 3932 542 4018 spiritu
576 3932 713 3996 alienum
745 3935 905 3996 mortuum
938 3931 994 4008 est,
1033 3929 1078 3994 ite
1101 3927 1153 4012 qni
1175 3945 1193 3991 e
1216 3943 1347 4010 corpore

10 4027 11 4089 ἶ
145 4047 272 4127 Christi,
295 4047 380 4131 quod
402 4050 450 4112 est
465 4043 603 4124 ecclesie,
620 4047 781 4109 extraneus
799 4045 856 4122 est,
872 4044 981 4125 utpote
996 4041 1083 4107 viteli
1100 4038 1214 4124 spiritu
1229 4036 1346 4105 Christi

11 4167 12 4174 ’
144 4175 262 4238 cerens,
285 4157 317 4221 in
339 4157 443 4222 enimc
463 4159 606 4221 mortuus
628 4159 685 4220 est.
697 4155 788 4221 Unde
810 4155 991 4238 apostotusr
1015 4152 1096 4238 qui,
1120 4151 1230 4235 iuquit,
1255 4148 1347 4233 Spi-

145 4271 268 4337 ritum
291 4267 453 4336 Christi
481 4267 707 4348 nonhabet,
730 4266 896 4332 hicnon
919 4267 982 4330 est
1005 4260 1136 4350 ejus.⁸)
1159 4260 1346 4346 Quieutem

249 4485 268 4554 ¹)
288 4485 360 4540 Joen.
382 4484 406 4538 5.
430 4481 473 4537 19.
494 4511 526 4524 ν
550 4477 572 4550 ²)
592 4483 663 4536 domu
685 4483 710 4536 5.
730 4481 773 4534 215.
796 4511 828 4518 ψ-
851 4479 872 4548 ²¹)
894 4483 961 4534 itum.
983 4487 1008 4534 θ’.
1028 4481 1053 4532 9.
