3168 5190
241 389 306 456 200

240 563 337 629 alium
356 560 584 644 redemptorem
615 557 879 624 inconvenientiae
913 561 1183 642 consequerentur.
1227 559 1337 644 Neque
1358 560 1452 626 enim
1574 541 1575 566 ¹

240 675 333 739 homo
367 673 406 738 ad
427 670 561 755 gloriam
594 670 775 754 angelorum
808 668 928 734 homini
960 668 1226 754 praedestinatam
1257 689 1315 756 per
1346 672 1453 738 telem

241 785 470 870 redemptorem
490 782 690 869 pertingeret,
714 781 826 865 quippe
848 782 901 865 qui
917 800 950 848 se
964 779 1099 845 hominis
1122 782 1171 847 vel
1193 782 1296 866 angeli
1318 799 1454 848 servum

243 895 424 982 emptitium
458 896 668 979 cognosceret,
702 894 756 959 sed
778 911 835 958 nec
857 893 1063 979 redemptioni
1096 895 1189 961 homo
1224 895 1317 977 aptus
1350 898 1454 974 esset,

244 1010 296 1095 qui
318 1009 440 1074 nonde
462 1006 560 1091 stirpe
582 1003 670 1070 Adae
703 1005 757 1070 sed
793 1021 873 1070 nova
897 1004 1015 1089 origine
1038 1009 1160 1072 creatus
1183 1008 1275 1086 esset,
1300 1010 1361 1086 ant,
1384 1007 1456 1072 etsi

244 1120 413 1204 redemptio
446 1138 501 1204 per
522 1117 618 1184 alium
641 1121 789 1205 compleri
822 1119 939 1204 absque
974 1118 1143 1186 offensione
1163 1120 1329 1206 potuisset,
1351 1121 1453 1186 unius

244 1232 304 1300 Dei
334 1234 436 1299 cultus
470 1231 554 1316 apud
586 1230 744 1297 hominem
765 1232 798 1296 in
820 1230 950 1296 dubium
982 1231 1109 1311 veniret,
1144 1232 1333 1297 nescientem
1363 1231 1456 1298 inter

247 1347 418 1412 creatorem
441 1348 472 1410 et
493 1343 720 1426 redemptorem
756 1362 849 1426 quem
882 1343 985 1427 potius
1009 1342 1113 1409 divino
1136 1343 1252 1409 honore
1271 1345 1370 1408 colere
1391 1343 1456 1408 de-

245 1458 342 1524 beret.
387 1459 585 1542 Quapropter
606 1455 645 1520 ad
667 1453 870 1537 reparationis
901 1457 1026 1519 nostrae
1059 1453 1286 1539 plenitudinem
1319 1454 1453 1519 omnino

245 1568 437 1634 necessarius
458 1569 525 1632 erat
546 1566 696 1633 adventus
718 1563 776 1629 Dei
798 1564 838 1630 ad
856 1563 998 1646 homines
1019 1565 1064 1630 ita
1084 1567 1122 1631 ut
1143 1568 1267 1649 practer
1288 1561 1455 1630 hominem

245 1680 349 1746 Deum
371 1696 407 1743 ac
429 1679 532 1744 Deum
553 1676 713 1742 hominem
735 1694 961 1760 quemcumque
981 1676 1215 1762 redemptorem
1228 1676 1381 1743 induxeris
1398 1676 1455 1742 in·

248 1787 403 1857 sufficiens
426 1792 458 1854 et
479 1791 667 1874 incongruus
689 1788 872 1856 inveniatur.

733 2173 843 2242 cap.
864 2173 963 2230 vn.

247 2293 286 2363 In
307 2294 412 2364 tritus
434 2297 582 2386 personis
604 2297 805 2388 potissimum
833 2298 917 2369 llilio
939 2300 1000 2368 liei
1019 2317 1203 2387 congruere
1226 2318 1304 2390 opus
1325 2298 1455 2371 redem-

794 2411 904 2481 tionis.

347 2595 417 2662 Hoc
439 2614 513 2662 sane
535 2597 755 2682 redemptionis
778 2618 857 2686 opus
873 2598 902 2666 ei
915 2615 1067 2685 personae
1088 2599 1289 2684 potissimum
1300 2617 1459 2684 congrue·
1580 2586 1581 2608 ¹

248 2707 313 2788 bat,
338 2725 416 2793 quae
438 2709 573 2775 maxime
594 2729 649 2795 per
663 2711 798 2779 hominis
813 2712 1112 2797 praevaricationem
1125 2712 1272 2797 injuriata
1288 2715 1346 2780 est.
1367 2711 1459 2778 Nam

250 2837 323 2886 cum
345 2819 429 2886 filius
451 2821 542 2886 unica
576 2824 608 2887 et
634 2822 800 2907 singularis
821 2826 928 2909 imago
951 2823 1055 2890 Patris
1079 2825 1130 2905 sit,
1153 2827 1204 2890 est
1225 2823 1318 2905 enim,
1350 2826 1386 2889 ut
1406 2825 1460 2890 ait

250 2933 419 3016 apostolus,
443 2934 627 3016 splendor
649 2935 810 3019 gloriae
832 2939 872 3002 et
894 2935 1028 3020 figura
1048 2933 1308 3002 substantiae
1330 2936 1461 3022 ejus‚¹)

250 3044 326 3109 dnm
361 3043 443 3111 sicut
475 3045 605 3128 augelus
626 3046 660 3111 in
681 3046 783 3126 coelo,
817 3047 862 3111 ita
883 3049 916 3110 et
937 3046 1031 3110 homo
1054 3046 1086 3110 in
1109 3047 1252 3129 paradiso
1285 3044 1457 3113 adiabolo

250 3170 416 3239 persuasus
438 3155 497 3222 Dei
519 3155 754 3223 similitudinem
778 3154 929 3241 superbus
952 3156 1084 3243 appetiit
1105 3159 1236 3241 uterque
1257 3157 1374 3242 gloriae
1395 3157 1460 3226 filii

250 3265 310 3333 Dei
322 3266 444 3333 invidus
459 3267 564 3332 locum
579 3267 645 3352 ejus
660 3266 849 3334 intolerabili
871 3268 1000 3334 audacia
1022 3266 1163 3334 ambivit.
1185 3265 1304 3336 Dicens
1320 3287 1461 3354 numque

251 3380 397 3463 angelusz
419 3379 889 3464 incoeloponamsedem
903 3381 1079 3446 maamad
1095 3379 1323 3465 aquilonem,
1348 3399 1461 3450 cons-

252 3492 415 3558 cendam
436 3511 559 3576 super
581 3491 838 3560 altitudinem
859 3490 1036 3572 nubium,
1060 3493 1214 3558 similis
1238 3512 1302 3559 ero
1325 3495 1461 3561 altis·

253 3607 349 3674 simo
361 3606 385 3691 Β)
400 3605 538 3689 itemque
552 3603 672 3669 homini
687 3603 843 3669 suadendo
859 3603 977 3669 dicens:
994 3603 1146 3670 comedite
1164 3603 1334 3671 eteritis
1351 3606 1462 3673 sicut

253 3715 351 3800 dii‚⁸)
366 3717 546 3784 scientes
561 3714 703 3782 bonum
718 3717 755 3779 et
768 3716 932 3795 malum,
953 3714 1081 3799 ipseque
1102 3715 1196 3780 homo
1211 3714 1270 3780 hac
1284 3714 1461 3784 intentione

253 3845 382 3893 manum
403 3828 443 3892 cd
465 3825 569 3892 cibum
601 3827 734 3893 uetitum
764 3825 935 3911 porrigens,
969 3825 1045 3909 quid
1065 3824 1127 3892 nisi
1148 3845 1229 3906 eum,
1253 3828 1306 3911 qui
1328 3832 1461 3896 vernet

253 3937 344 4006 unica
376 3938 480 4023 imago
504 3942 536 4005 et
558 3938 728 4005 similitudo
761 3939 820 4004 Dei
854 3942 911 4019 est,
945 3938 1110 4022 ipsumque
1140 3937 1309 4019 Christum,
1333 3940 1387 4024 qui
1407 3945 1461 4008 est

254 4053 357 4135 imago
379 4050 437 4115 Dei
458 4048 632 4131 inuisibilis,
664 4051 704 4115 iu
737 4069 811 4135 quo
834 4055 927 4117 sunt
945 4068 1076 4117 omnes
1099 4050 1278 4117 thesauri
1300 4051 1462 4139 sapien·

254 4162 337 4229 tiae
354 4178 398 4228 ac
421 4162 620 4228 scientiae
641 4161 711 4229 Dei
733 4160 1020 4246 absconditi‚⁴)
1036 4164 1236 4248 supplantare
1252 4161 1460 4246 multisunt,

255 4275 336 4341 unde
357 4273 635 4358 congruentissime
656 4274 740 4340 illius
762 4291 911 4358 personae
937 4274 1119 4343 intercessio
1141 4275 1173 4340 in
1196 4273 1331 4342 hominis
1353 4273 1462 4342 forma

358 4487 378 4556 1)
397 4485 479 4543 near.
500 4486 525 4542 1.
543 4486 571 4544 a.
591 4515 624 4526 -
646 4484 666 4557 ¹)
684 4483 719 4543 u.
739 4485 783 4542 14.
804 4485 847 4543 m
869 4515 904 4528 -
924 4484 947 4558 ⁸)
965 4487 1028 4542 can.
1046 4486 1074 4545 a
1093 4484 1119 4543 5.
1140 4515 1174 4529 -
1192 4484 1216 4558 4)
1234 4483 1288 4544 car.
1309 4487 1336 4544 a.
1356 4487 1382 4544 a.
