3168 5214
228 419 291 486 308

229 590 294 656 sive
315 605 405 673 aqua,
441 587 506 654 sire
538 591 620 654 terra
642 589 675 654 in
697 589 768 654 sinu
800 608 857 657 suo
887 587 1022 672 lapidem
1042 587 1169 668 ambiet,
1203 588 1353 672 numquid
1375 586 1435 652 illa

229 717 360 786 corpore
376 717 444 764 non
465 702 561 766 sunt?
583 699 649 765 Aut
670 718 742 766 vero
766 699 793 764 si
814 701 847 764 in
868 700 953 765 coelo
976 698 1083 766 aether
1104 700 1308 768 tenuissimus
1330 701 1433 766 solem

229 810 348 877 ambiat
368 811 519 895 numquid
542 814 573 876 11
594 811 678 877 idem
699 809 806 877 aether
827 830 938 895 corpus
961 830 1023 876 non
1045 814 1118 877 est?
1161 812 1228 880 Aut
1247 812 1323 895 quid
1345 811 1432 876 inter

228 929 334 989 adrem
355 923 406 988 rel
426 921 582 990 aetherem
615 941 746 1007 corpora
778 921 967 988 ambientem
1000 923 1132 988 interest
1164 923 1311 1003 medinm,
1347 923 1434 1007 quod

228 1035 278 1100 vel
299 1035 337 1100 de
358 1032 440 1098 atris
462 1034 511 1099 vel
533 1033 571 1100 de
592 1035 730 1118 corporis
753 1033 865 1100 inclusi
887 1052 1015 1120 corpore
1037 1053 1099 1100 non
1121 1035 1187 1100 sit?
1209 1032 1372 1118 Siquidem
1395 1037 1432 1099 et

228 1146 296 1229 ipsc
329 1141 509 1229 superficies
543 1143 681 1229 corporis
715 1145 830 1212 terreni
863 1143 928 1230 jam
950 1146 988 1210 de
1010 1163 1137 1229 corpore
1159 1147 1215 1210 est.
1259 1143 1434 1210 Terrenum

229 1261 335 1324 autem
368 1275 480 1342 corpus
503 1255 598 1322 etiam
620 1257 719 1322 solem
739 1256 821 1338 dico,
857 1257 1004 1340 quoniam
1027 1258 1147 1341 etipse
1180 1253 1322 1322 sensibus
1354 1253 1434 1321 sub·

224 1371 329 1456 jeotus
351 1375 400 1437 est
421 1369 569 1455 corporis.
591 1371 701 1455 Itaque
720 1369 797 1436 nihil
818 1369 941 1436 invenio
963 1369 1179 1453 incorporeum
1200 1368 1285 1451 quod
1300 1383 1433 1451 corpora

229 1481 369 1548 ambiens
402 1483 491 1550 locus
524 1500 633 1548 eornm
664 1483 748 1548 recte
770 1480 831 1546 dici
853 1481 1003 1548 videatur.
1048 1479 1082 1546 Si
1103 1498 1176 1545 vero
1199 1479 1320 1544 dicatur
1339 1478 1433 1544 loona

228 1593 409 1678 incorporea
430 1611 499 1660 esse
520 1593 676 1678 capacitas
699 1590 836 1676 corporis
852 1593 883 1656 ot
897 1591 1090 1675 intelligatur
1112 1589 1248 1674 spatium
1270 1590 1303 1654 in
1323 1590 1433 1673 longo,

229 1705 293 1772 lato
323 1708 356 1772 et
384 1705 448 1771 olto
476 1704 653 1770 dimensum
684 1720 846 1769 mensuras
874 1702 1014 1788 corporis
1040 1702 1123 1767 intra
1152 1719 1185 1766 se
1214 1701 1312 1786 positi
1338 1701 1434 1785 plene

230 1816 392 1883 continens
415 1833 471 1882 nec
494 1816 651 1896 excedens,
675 1814 758 1899 qnod
781 1832 854 1879 cum
876 1832 1005 1900 corpore
1038 1832 1071 1879 se
1103 1831 1166 1878 non
1188 1812 1352 1877 excedente
1373 1827 1435 1875 nec

229 1941 248 1990 1
270 1944 304 1991 se
326 1944 449 1992 excesso
470 1926 600 2010 plenum
623 1926 679 2008 eet,
703 1924 808 2008 ipsum
839 1926 945 1989 tamen
975 1941 1087 2008 corpus
1110 1940 1172 1987 non
1195 1923 1253 2002 est,
1276 1920 1435 2004 siquidem

231 2036 289 2103 sub
322 2036 569 2121 praedicamento
604 2039 653 2103 est
675 2035 869 2120 quant'tatis.
913 2035 999 2100 Haec
1021 2033 1081 2100 loci
1103 2031 1231 2118 propria
1263 2031 1433 2115 descriptio

229 2146 309 2213 mihi
330 2147 461 2213 videtur.

695 2534 806 2602 Gap.
825 2532 964 2591 LVII.

231 2655 424 2744 spiritualia
446 2673 584 2744 corpora
614 2673 674 2723 sna
694 2654 943 2742 interpositione
965 2653 1155 2724 distantiam
1177 2671 1347 2744 corporum
1368 2676 1437 2726 non

776 2765 896 2835 lacere.

332 2951 393 3020 Sed
415 2971 522 3019 omnes
545 2951 699 3036 ejusmodi
728 2909 950 3039 descriptiones
981 2974 1085 3020 rerum
1106 2955 1253 3021 localium
1276 2955 1327 3020 rel
1347 2953 1435 3020 loco·

232 3082 304 3129 rum
325 3065 364 3128 do
385 3066 468 3128 11111
497 3066 571 3130 sunt
604 3067 635 3130 et
668 3065 705 3130 de
733 3065 863 3131 terrenis
893 3065 970 3130 locis
993 3068 1025 3130 et
1047 3065 1228 3150 corporibus
1261 3065 1435 3149 loquuntur

233 3193 289 3240 neo
311 3175 466 3240 ullatenus
499 3177 549 3240 vel
571 3175 734 3260 spirituale
755 3194 867 3260 corpus
901 3177 949 3241 vel
972 3175 1144 3260 spiritualis
1167 3177 1307 3261 corporis
1329 3177 1437 3242 locum

234 3285 498 3370 comprehendunt
530 3288 580 3355 vel
612 3286 781 3371 attingunt.
826 3287 908 3370 Quid
943 3287 1049 3352 enim?
1086 3286 1248 3370 Numquid
1270 3287 1437 3372 spirituale

231 3415 344 3484 corpus
370 3397 473 3482 angeli
495 3400 544 3464 vel
565 3398 700 3463 hominis
729 3417 785 3464 sua
807 3398 1041 3482 interpositione
1063 3397 1243 3464 distantiam
1266 3415 1437 3482 corporum

231 3508 307 3576 11111
340 3526 410 3575 cum
443 3526 482 3573 ne
514 3509 546 3574 id
567 3509 648 3594 ignis
682 3509 808 3593 quidem
837 3509 1007 3574 inanimata
1039 3527 1076 3575 11
1098 3512 1219 3575 terrena
1252 3505 1434 3573 substantia

230 3621 334 3702 111111,
368 3621 422 3706 qui
452 3621 560 3703 utique
582 3622 772 3687 soliditatem
804 3621 919 3705 lapidis
955 3622 988 3684 et
1016 3618 1090 3683 terri
1122 3619 1277 3704 integram
1300 3618 1438 3684 1111111-

231 3731 536 3817 scissampenetrat?
564 3732 651 3798 Unde
669 3738 700 3800 et
714 3751 825 3818 graeco
849 3733 974 3800 nomine
996 3739 1052 3819 πῦρ
1067 3748 1086 3794 1
1101 3733 1287 3816 penetrando
1315 3730 1435 3797 dicitur

232 3860 267 3908 eo
291 3843 373 3926 quod
397 3842 501 3909 omnia
523 3847 674 3928 penetrat.
703 3843 764 3911 Sed
787 3848 818 3910 et
837 3845 942 3930 angeli
964 3845 1055 3930 ignea
1076 3841 1190 3910 habere
1212 3859 1342 3926 corpora
1359 3860 1437 3926 per·

229 3951 377 4018 hibentur
391 3971 463 4018 cum
477 3954 620 4019 rationali
636 3955 759 4040 spiritu,
776 3957 858 4022 unde
874 3956 951 4023 illud
967 3954 1212 4041 psalmigraphi:
1235 3954 1304 4038 Qui
1326 3953 1437 4020 11111

231 4062 400 4148 angelos
423 4082 515 4130 suos
539 4063 715 4147 spiritus
746 4068 785 4131 11
808 4067 1023 4133 ministros
1047 4084 1139 4133 snos
1161 4066 1291 4151 ignem
1321 4082 1437 4130 uren·

230 4172 353 4258 tem.¹)
376 4174 466 4241 Unde
488 4179 519 4242 et
540 4176 602 4262 ipsi
624 4175 724 4242 solida
746 4179 778 4242 et
798 4175 921 4262 integra
942 4180 1106 4262 penetrare
1126 4195 1182 4260 pro
1205 4193 1279 4243 snae
1300 4177 1434 4244 naturae

232 4282 405 4352 subtilitate
426 4288 571 4371 potentes
601 4293 684 4356 sunt.
728 4290 805 4374 Quis
828 4307 900 4358 vero
923 4287 1046 4358 dubitet
1078 4290 1258 4358 nostrorum
1281 4287 1436 4356 crassitu-

332 4497 351 4568 1)
369 4498 412 4552 11.
436 4497 500 4555 roa.
519 4497 547 4554 4.
