3158 5212
27 11 30 138 l

27 359 29 438 l
1257 401 1296 468 11

81 577 320 664 prophetantes
367 577 522 664 compleri
544 597 677 644 necesse
700 583 760 644 est.
805 577 900 644 Unde
925 584 958 644 et
978 577 1072 644 nobis
1095 576 1222 662 opinari
1242 575 1296 642 vel

80 682 260 750 aestimare
294 683 371 749 licet
404 682 445 751 de
468 681 677 764 antichristis,
715 682 770 765 qui
793 688 1050 768 praecesserunt,
1085 681 1112 747 si
1147 683 1230 746 forte
1252 679 1297 746 ad

80 785 307 870 impletionem
341 787 572 872 scripturarum
605 793 639 852 et
672 786 862 870 mysterium
894 786 1076 870 iniquitatis
1099 785 1297 851 sufficientes

83 888 158 972 sint,
195 912 240 956 an
272 912 347 976 non,
382 891 532 957 nimirum
566 889 772 976 cupientibus
804 891 898 957 nobis
931 891 965 956 in
994 891 1196 957 sermonibus
1229 890 1297 956 suis

27 1047 28 1052 ,
82 993 268 1074 justificare
297 995 473 1060 Dominum
506 1014 544 1061 ac
572 995 795 1060 demonstrare
824 995 1038 1079 justificatum
1072 1002 1106 1062 et
1138 995 1166 1060 si
1199 995 1297 1060 hodie

27 1083 29 1168 l
81 1095 150 1162 fieri
175 1099 261 1164 velit
282 1099 379 1164 finale
398 1099 557 1182 judicium
586 1100 670 1166 sicut
692 1099 847 1186 scriptum
870 1106 936 1166 est:
963 1101 1211 1185 justificata
1234 1104 1297 1165 est

80 1204 306 1288 sapientia
328 1225 350 1270 a
372 1203 484 1268 filiis
506 1204 606 1270 suis.
620 1202 643 1289 ¹)
667 1205 709 1270 lit
731 1203 811 1271 haee
827 1205 867 1271 de
883 1206 1088 1291 praefatione
1112 1204 1199 1270 dicta
1222 1203 1296 1269 sint.

81 1307 177 1374 Nunc
217 1308 364 1374 divinum
398 1309 589 1375 invocamus
624 1307 823 1392 adjutorium
846 1310 938 1393 cujus
963 1309 1080 1394 spiritu
1105 1308 1295 1394 scripturae,

27 1499 28 1506 ἵ
81 1410 119 1476 de
143 1413 266 1496 quibus
288 1432 373 1479 nunc
396 1413 540 1497 interest,
565 1412 715 1478 conditae
737 1420 823 1496 sunt,
846 1419 883 1479 ut
906 1412 961 1479 det
983 1413 1078 1480 nobis
1109 1412 1143 1478 in
1166 1411 1291 1494 eodem,

27 1507 28 1592 ζ
82 1537 145 1600 quo
173 1517 326 1584 conditae
342 1523 426 1600 sunt,
446 1517 564 1603 spiritu
587 1517 627 1582 dc
650 1517 730 1602 ipsis
752 1517 920 1603 scripturis
943 1523 1033 1584 recta
1055 1537 1170 1602 sapere
1193 1536 1232 1582 ac
1255 1515 1296 1580 de

27 1607 29 1672 ῗ
81 1622 152 1704 ejus
191 1641 322 1705 semper
355 1621 576 1688 consolatione
609 1621 644 1686 in
678 1620 858 1690 ordinando
892 1641 930 1688 ac
960 1621 1115 1688 struendo
1148 1639 1296 1686 sermone

82 1725 241 1810 gaudere.

178 2011 261 2078 Item
282 2011 352 2080 alia
372 2012 536 2100 praefatio
559 2031 658 2101 snper
680 2012 981 2082 conmemoratione
1003 2002 1202 2082 schismatis.

188 2198 270 2265 Oum
292 2199 412 2266 librum
433 2199 517 2266 hunc
551 2201 690 2286 primum
713 2200 976 2285 investigationis
1014 2197 1197 2264 antichristi
1219 2199 1296 2266 sori·

81 2307 195 2372 berem
219 2311 251 2370 et
271 2324 387 2372 recens
405 2305 476 2389 jam
498 2305 640 2372 schisma
659 2305 700 2371 de
724 2306 931 2372 contentione
953 2314 1095 2391 papatus
1118 2303 1298 2371 Alexandri

82 2418 184 2494 atque
201 2409 383 2493 Octaviani,
406 2431 500 2494 quem
516 2412 681 2478 Victorem
703 2409 823 2492 dicunt,
847 2412 988 2476 ferveret
1001 2409 1138 2493 singulis
1149 2408 1298 2495 partibus

83 2513 173 2597 quod
195 2514 260 2580 sibi
283 2514 485 2581 commodum
508 2515 682 2583 videbatur
703 2515 738 2581 in
760 2516 810 2581 sui
832 2516 978 2582 favorem
1001 2515 1242 2582 assumentibus
1265 2517 1299 2578 et
1349 2513 1358 2538 ⁸

83 2620 278 2686 alterutrum
290 2619 360 2685 sive
372 2639 431 2704 per
452 2621 634 2700 veritatem,
659 2619 728 2686 sive
740 2640 799 2704 per
815 2621 1026 2703 occasionem,
1047 2618 1297 2703 derogantibus3

88 2722 231 2807 dumque
254 2731 365 2809 partes
387 2731 545 2808 utraeque
571 2724 779 2791 multitudine
800 2745 992 2809 magnorum
1015 2731 1047 2790 et
1069 2743 1134 2788 non
1157 2728 1298 2788 contem·

85 2827 269 2895 nendorum
291 2828 496 2895 sacerdotum
519 2830 651 2914 insuper
673 2835 706 2895 et
728 2851 842 2915 regum
863 2849 901 2896 ac
924 2829 1105 2915 principum
1128 2848 1164 2894 se
1185 2830 1298 2892 favore

89 2935 270 3000 munirent:
295 2934 401 2999 fateor
422 2933 483 3000 hac
507 2933 723 3000 contentionis
746 2937 866 3002 nebula
894 2940 998 3000 totam
1022 2942 1142 3000 terram
1164 2939 1297 3016 tegente

87 3036 271 3122 faciemque
305 3038 461 3104 ecclesiae
495 3045 581 3104 tetra
614 3038 753 3122 caligine
788 3039 979 3105 obfuscante
1014 3060 1079 3105 non
1116 3039 1196 3106 satis
1218 3038 1299 3104 mihi

85 3144 205 3208 claruit
225 3143 279 3208 vel
301 3142 427 3227 puritas
451 3142 619 3208 electionis
643 3143 884 3209 ecclesiasticae
903 3143 938 3208 in
953 3143 1176 3211 Alexandrum
1190 3144 1299 3210 factae

85 3249 139 3313 vel
156 3246 314 3332 pervicax
324 3247 547 3332 praesumptio
570 3247 675 3331 partis
688 3246 889 3313 octavianae.
914 3246 1008 3312 Unde
1027 3247 1169 3331 pendulo
1185 3267 1299 3332 gressu

86 3351 174 3418 inter
196 3351 272 3419 illas
295 3350 472 3417 divisiones
495 3349 648 3416 inccdens
678 3356 711 3416 et
734 3352 828 3434 quasi
850 3351 1086 3418 concionatoris
1107 3351 1204 3417 modo
1227 3371 1298 3417 sen·

87 3456 227 3522 tentiam
250 3475 442 3540 suspensam
475 3461 590 3521 tenens
612 3454 646 3520 in
668 3461 818 3520 neutram
839 3464 966 3540 partem
999 3456 1161 3522 declinare
1192 3456 1297 3522 facilis

87 3559 144 3627 fui.
186 3560 269 3627 (lum
292 3558 518 3644 ignorantibus
540 3559 741 3644 ignorabam,
766 3579 838 3625 cum
862 3558 1086 3626 dubitantibus
1109 3558 1300 3626 dubitabam

87 3664 260 3748 factusque
282 3684 354 3730 sum
376 3664 460 3729 sicut
481 3663 599 3729 bomo
621 3683 701 3730 non
723 3662 903 3729 audiens
919 3669 1055 3728 etnon
1081 3661 1238 3755 habens
1260 3663 1300 3727 in

88 3789 153 3836 ore
170 3765 627 3852 suoredargutiones2)
651 3773 684 3833 et
706 3767 1045 3851 quasineseiens
1067 3770 1300 3853 reprobare

87 3874 240 3940 malum
257 3878 297 3938 et
320 3872 484 3956 eligere
499 3869 689 3958 bonum.⁸)
713 3872 757 3937 At
773 3892 858 3938 nunc
873 3871 1299 3957 postquammendaciorum

88 3977 229 4044 nebulae
264 3983 378 4042 contra
411 3977 599 4042 canonicam
632 3975 825 4042 electionem
846 3976 1027 4044 Alexandri
1049 3978 1204 4044 confictae
1227 3996 1298 4044 coe·

88 4089 208 4168 petunt
230 4100 403 4164 rarescere,
437 4081 518 4166 ipsis
541 4081 640 4147 etiam
662 4079 858 4165 negantibus
892 4100 930 4148 ac
963 4081 1151 4148 solemniter
1178 4100 1299 4165 negare

194 4313 216 4386 ¹)
233 4315 318 4370 nath.
340 4312 383 4368 11.
405 4312 449 4370 19.

192 4409 406 4484 ὴὴπῇ

193 4509 215 4584 ⁸)
234 4512 271 4568 la.
292 4511 316 4567 7.
337 4509 380 4566 15.
