3168 5190
1273 431 1332 495 195

124 603 365 690 incorruptione
380 599 594 664 resurrecturi.
611 597 694 664 Nam
709 597 736 661 si
753 597 879 680 spiritns
892 596 969 681 ejus,
982 597 1035 680 qui
1047 597 1211 664 suscitavit
1221 600 1243 666 J
1245 620 1332 665 esum

125 733 149 778 a
165 710 308 784 mortuis,
325 703 447 768 habitat
461 701 493 765 in
508 701 607 782 nobis,
625 700 678 786 qui
694 701 857 767 suscitavit
869 701 981 766 Jesum
993 701 1153 769 Christum
1166 703 1334 770 vivificabit

126 827 164 890 et
185 817 330 884 mortalia
364 831 492 900 corpora
530 817 639 880 nostra
672 833 729 899 per
761 813 987 879 inhabitantem
1021 813 1167 900 spiritum
1200 813 1266 898 ejus
1301 815 1333 879 in

123 927 269 1012 nobis1)
313 925 397 991 Nam
420 926 447 990 si
468 942 554 989 mors
590 924 701 1008 duplex
734 945 791 1010 per
823 927 988 1010 peccatum
1008 925 1095 991 Adae
1125 927 1267 993 introivit
1301 927 1334 992 in

124 1041 283 1110 mundum
305 1041 398 1121 atque
419 1037 453 1101 in
477 1054 585 1100 omnes
622 1034 661 1100 ab
685 1055 720 1101 eo
743 1035 910 1101 carnaliter
932 1040 1122 1122 propagatos
1144 1039 1193 1103 lex
1214 1038 1333 1122 peccat'

126 1157 163 1221 et
183 1149 295 1216 mortis
318 1144 515 1233 pertransiit,
550 1146 786 1230 quantomagis
810 1146 927 1213 01111111
949 1147 1082 1213 hominis
1106 1152 1137 1212 et
1158 1147 1217 1214 llei
1240 1149 1335 1214 satis-

126 1263 224 1332 tactio
248 1279 285 1326 ac
307 1257 498 1346 poenitentia
519 1257 585 1323 Deo
607 1257 694 1322 Patri
725 1276 784 1342 pro
809 1255 951 1324 omnibus
974 1257 1064 1324 nobis
1087 1257 1191 1325 oblata
1214 1260 1334 1326 cunctis

128 1393 203 1443 eum
225 1370 382 1459 spirituali
414 1369 612 1454 generatione
641 1368 899 1454 contingentibus
920 1372 960 1436 ad
981 1371 1238 1437 resurrectionem
1256 1373 1335 1458 dup-

127 1488 222 1554 licem
255 1481 389 1549 debebat
419 1479 590 1565 proficeres
635 1481 806 1567 Propterea
844 1499 978 1566 namque
1014 1485 1173 1550 lavacrum
1206 1486 1333 1571 pietatis

130 1594 221 1663 nobis
245 1595 278 1660 in
293 1594 394 1659 morte
409 1591 527 1661 (lhristr
549 1590 780 1658 sanctificatum
801 1595 858 1675 est,
884 1597 1034 1677 quatenus
1057 1596 1096 1661 ad
1117 1596 1195 1662 illud
1216 1614 1235 1661 1
1256 1597 1336 1664 11111

127 1707 380 1776 latrunculorum
412 1704 599 1769 daemonum
637 1703 852 1788 confugientes
874 1704 980 1789 ibique
1000 1712 1162 1775 mortuum
1183 1713 1334 1792 nostrum,

129 1820 221 1907 quasi
243 1819 276 1885 in
299 1816 462 1902 sepulchro
484 1817 584 1885 nostri
599 1815 693 1882 1111111
714 1815 920 1901 projicientes,
942 1817 1049 1885 vivum
1064 1837 1136 1885 eum
1150 1820 1335 1905 recipiamus

129 1936 163 1999 ot
186 1931 373 1997 incolumem
409 1931 545 1994 stantem
579 1948 673 2014 super
705 1929 798 2011 pedes
833 1947 916 2009 suos,
951 1929 1033 1996 sicut
1066 1932 1140 1997 olim
1159 1934 1191 1997 in
1214 1932 1335 1998 11111111

129 2042 246 2130 grandi
279 2041 429 2107 miraculo
451 2041 686 2125 praesignatum
709 2043 774 2119 est,
811 2045 847 2105 ut
869 2044 1012 2109 mortuus
1034 2046 1195 2110 mortuum
1218 2044 1336 2110 ossium

129 2173 265 2223 suorum
287 2155 433 2219 contactu
454 2152 662 2218 resuscitaret.
708 2151 791 2216 Nam
817 2152 844 2218 si
865 2153 977 2218 umbra
999 2156 1123 2219 tantum
1145 2158 1176 2220 et
1196 2155 1337 2220 veritatis

129 2265 310 2353 proemium
333 2263 449 2345 valuit,
473 2267 510 2330 ut
531 2264 629 2330 vitam
650 2267 846 2348 praesentem
868 2269 991 2331 mortno
1026 2266 1208 2350 quandoque
1229 2266 1338 2332 finien-

130 2381 208 2444 dam
243 2374 405 2454 conlerret,
439 2375 593 2458 quomodo
616 2393 679 2440 non
699 2377 800 2440 multo
823 2377 925 2460 magis
961 2378 1076 2443 1111111
1110 2377 1150 2442 ad
1173 2378 1270 2443 vitam
1292 2378 1336 2444 111

131 2493 294 2556 aeternam
315 2487 541 2552 restituendam
563 2485 714 2572 proficiet,
750 2487 803 2570 qui
825 2488 998 2571 consepulti
1020 2487 1047 2552 ei
1068 2507 1123 2572 per
1145 2486 1337 2573 baptismum

131 2603 168 2668 in
191 2600 326 2665 mortem
349 2615 421 2664 ossa
444 2598 592 2664 salutaria
615 2597 731 2665 Christi
752 2599 785 2664 in
806 2599 867 2665 fine
889 2601 1108 2685 contigerunt?
1130 2597 1202 2686 Ipse
1226 2619 1337 2684 nempe

131 2730 235 2780 novus
257 2710 361 2777 Adam
392 2709 546 2775 Dominus
578 2713 685 2775 noster
718 2711 812 2777 Jesus
835 2727 853 2774 a
877 2729 989 2796 sopore
1022 2711 1132 2776 mortis
1167 2711 1336 2778 suscitatus

131 2828 298 2908 tamqnam
331 2821 395 2887 suis
429 2820 596 2905 recognitis
619 2823 650 2886 et
672 2839 690 2885 a
713 2840 746 2886 se
768 2821 866 2886 vitam
898 2820 1114 2887 mutuantibus
1138 2822 1226 2888 dicit:
1251 2823 1337 2890 Hoc

132 2955 237 3004 nunc
259 2953 298 3000 os
321 2953 363 3000 ex
386 2930 544 2998 ossibus
567 2931 664 2998 meis
687 2935 726 2998 et
748 2950 837 2999 caro
858 2953 900 2998 ex
922 2951 1037 3001 carno
1059 2936 1179 3016 111111)
1222 2933 1338 3001 Resur-

133 3065 214 3132 gens
247 3063 381 3128 namque
402 3062 420 3110 a
442 3042 575 3108 mortuis
609 3046 641 3108 11
663 3047 749 3108 stans
771 3044 804 3109 in
825 3044 926 3110 medio
964 3045 1188 3130 discipulorum
1209 3065 1338 3114 suornm

135 3158 295 3242 Sapientia
316 3157 389 3223 filiis
412 3156 476 3222 suis
499 3155 596 3221 111111
617 3155 771 3239 inspirans
794 3156 967 3222 insufflavit
989 3159 1020 3222 et
1042 3156 1118 3222 dixit
1140 3158 1197 3224 eis:
1225 3159 1338 3225 Acci-

135 3271 218 3356 pite
241 3267 433 3354 Spiritum
466 3248 662 3347 sanctum,
697 3286 863 3352 quornm
893 3269 1138 3334 remiseritis
1172 3274 1338 3355 peccata

135 3382 403 3448 remittuntur
433 3377 551 3464 1111)
596 3380 672 3445 dans
702 3380 845 3447 videlicet
874 3379 918 3446 eis
952 3379 1103 3464 Spiritum
1133 3384 1276 3447 sanctum
1304 3383 1338 3447 in

136 3493 355 3560 remissionem
390 3494 589 3574 peecatorum
633 3510 703 3557 cum
739 3495 895 3576 potestate
934 3493 1026 3558 dandi
1063 3494 1193 3558 eandem
1228 3510 1336 3578 pecca·

136 3607 243 3670 torum
275 3602 510 3683 remissionem,
548 3621 626 3687 qnae
660 3606 708 3668 est
743 3603 927 3669 resurrectio
965 3604 1078 3689 prima.
1115 3605 1153 3670 In
1194 3605 1338 3671 testimo-

137 3715 226 3781 nium
263 3733 386 3799 qnoque
422 3715 574 3781 secundae
617 3715 851 3782 resurrectionis
891 3734 952 3780 non
989 3716 1091 3781 solnm
1127 3717 1193 3800 ipse
1229 3719 1339 3782 auctor

137 3828 220 3894 vitae
254 3827 422 3893 resurrexit
454 3845 473 3892 1
504 3827 636 3893 mortuis
680 3828 735 3893 sed
771 3830 803 3892 ct
838 3828 939 3893 multa
974 3845 1105 3912 corpora
1149 3831 1337 3909 sanctorum,

138 3938 194 4024 qni
215 3937 415 4020 dormierant,
438 3956 509 4003 cnm
531 3957 567 4004 eo
590 3941 797 4017 surrexerunt,
822 3939 904 4005 sicut
925 3939 1103 4023 evangelica
1122 3940 1218 4005 tradit
1239 3939 1304 4005 11111
1324 3974 1340 3988 -

138 4052 185 4118 ria
207 4054 239 4117 et
259 4052 409 4116 venenmt
432 4049 464 4114 in
486 4050 644 4116 1111111111
666 4055 806 4116 sanctam
828 4053 859 4115 et
879 4052 1089 4133 apparuerunt
1121 4051 1239 4116 multis.
1276 4051 1339 4116 Du-

139 4162 215 4250 plici
247 4164 353 4228 autem
380 4159 507 4245 justitia
529 4162 680 4228 Dominus
703 4161 797 4230 Jesus
819 4163 1010 4247 potestatem
1032 4161 1128 4227 habet
1160 4160 1339 4228 hominibus

139 4267 317 4334 dimittendi
337 4269 480 4350 peccata:
503 4269 652 4352 primo,
676 4266 748 4350 qnia
769 4267 854 4332 Deus
876 4266 943 4349 ipse
965 4269 1014 4332 est
1036 4266 1086 4332 cui
1102 4266 1160 4332 soli
1175 4268 1338 4350 peccatum

140 4373 328 4452 secundo,
358 4371 430 4455 qnia
457 4375 622 4458 peceatum
649 4371 720 4438 11.
747 4368 933 4437 sacrificium
963 4388 1018 4453 pro
1047 4371 1176 4457 peccato
1198 4369 1266 4436 fieri
1302 4387 1338 4436 ac

244 4533 263 4606 ¹)
282 4537 352 4589 Rom.
372 4533 397 4588 8.
419 4533 463 4589 11.
482 4561 516 4574 -
544 4531 749 4603 1111223.
771 4561 803 4570 -
826 4527 847 4600 ³)
868 4532 942 4589 loen.
959 4533 1002 4588 20.
1022 4531 1067 4587 13.
1182 4613 1241 4690 13*
