3168 5190
1273 415 1337 481 293

120 569 213 635 sicut
231 571 368 641 haeresis
402 577 571 658 contendit,
605 580 642 642 ut
671 577 810 644 Verbum
843 581 945 645 solum
967 580 1000 645 in
1022 581 1124 666 gloria
1146 585 1249 652 Patris
1283 587 1334 668 sit,

119 680 186 747 hoc
209 703 283 749 vero
306 689 392 752 extra
413 690 562 772 paternae
584 688 702 773 gloriae
723 689 888 771 unitatem,
926 693 1087 758 sedidem
1109 693 1202 760 homo
1226 699 1258 762 et
1279 715 1336 762 na-

119 796 223 860 turae.
250 797 393 879 propriae
425 799 555 879 ratione,
590 817 668 882 quae
689 799 751 884 ipsi
774 819 846 866 cum
869 805 970 868 matre
1005 820 1042 869 ac
1075 803 1239 871 nobiscnm
1272 826 1335 873 una

121 908 177 970 est
201 909 386 988 communis,
432 910 526 976 Patre
548 928 585 976 ac
608 931 641 976 so
661 911 732 996 ipso
755 913 858 979 minor
880 916 929 980 est
965 915 1109 999 idemque
1130 917 1199 1002 ipse
1221 919 1335 986 nativi-

119 1017 201 1083 tatis
235 1019 399 1103 privilegio
422 1024 454 1085 et
474 1037 627 1105 personae
658 1023 882 1106 proprietatem
917 1030 1011 1111 atque
1043 1029 1268 1112 assumptionis
1302 1035 1334 1097 et

118 1129 360 1210 glorificationis
383 1136 579 1197 sacramento
602 1151 665 1197 non
679 1134 773 1199 Patre
795 1135 898 1200 minor
921 1138 976 1203 sed
997 1139 1137 1221 aequalis
1161 1142 1219 1206 est.
1245 1139 1333 1209 Unde

119 1239 156 1302 at
178 1238 351 1307 Athanasio
384 1245 585 1325 praecentore
607 1261 706 1326 usque
728 1242 819 1310 hodie
841 1247 926 1312 canit
947 1249 1102 1314 eeclesia:
1130 1249 1331 1333 Aequalis

119 1353 242 1417 Patri
263 1353 483 1418 secundum
506 1353 790 1436 divinitatem,
815 1358 946 1425 minor
966 1360 1092 1426 Patre
1115 1364 1332 1430 secundum

118 1463 427 1531 humanitatem.
473 1463 649 1531 Secundum
691 1467 930 1551 humanitatem,
967 1471 1079 1554 inquit,
1112 1473 1216 1539 minor
1246 1473 1267 1539 i.
1303 1494 1328 1542 e.

119 1577 296 1642 secundum
327 1577 482 1642 humanae
516 1580 646 1643 naturae
677 1579 840 1661 rationem,
877 1599 956 1664 quae
988 1582 1049 1666 ipsi
1070 1601 1132 1648 una
1165 1583 1330 1650 nobiscum

119 1687 297 1754 communis
332 1692 388 1768 est,
425 1690 567 1772 quamvis
602 1690 711 1756 eadem
741 1693 774 1757 in
795 1712 930 1778 persona
963 1695 1084 1760 divinae
1116 1697 1328 1781 generationis

117 1797 285 1883 privilegio
323 1818 447 1865 omnem
482 1818 546 1865 non
574 1803 684 1867 solum
705 1802 870 1870 hominum
903 1806 958 1872 sed
980 1807 1164 1890 angelorum
1188 1807 1329 1874 sublimi·

119 1913 220 1976 tatem
243 1912 382 1991 excellat,
417 1914 525 1995 utpote
558 1930 636 1995 quae
657 1913 690 1977 in
712 1915 835 1998 generis
858 1916 918 1982 Dei
950 1935 986 1982 ao
1008 1917 1108 1983 nostri
1130 1935 1203 1984 uera
1225 1918 1329 1985 subsi-

118 2023 239 2088 stentia
273 2023 366 2089 tertia
398 2024 431 2089 iu
464 2023 617 2091 Trinitate
649 2043 784 2109 persona
817 2029 875 2093 est.
919 2027 1029 2093 Fuerit
1061 2028 1186 2112 quidem
1218 2029 1326 2097 eadem

116 2138 242 2224 generis
265 2139 324 2204 Dei
360 2139 461 2204 nostri
481 2155 617 2224 persona
640 2138 785 2206 Christus
808 2138 984 2222 aliquando,
1020 2141 1160 2221 tempore
1182 2138 1327 2207 videlicet

117 2269 193 2317 snae
215 2251 428 2330 mortalitatis,
462 2251 564 2316 minor
587 2251 741 2334 siquidem
761 2255 791 2316 et
813 2252 906 2335 paulo
940 2249 982 2316 ab
1003 2251 1123 2335 angelis
1145 2251 1322 2318 minoratus

118 2367 176 2444 est,
199 2363 302 2448 ipsius
324 2363 473 2428 nimirum
495 2362 696 2430 mortalitatis
712 2363 832 2427 ratione
850 2362 1075 2446 propterquod
1090 2363 1244 2447 scripturn
1259 2366 1326 2430 est:

122 2473 319 2539 Minuisti
342 2493 424 2539 eum
446 2475 703 2558 paulominus
726 2474 773 2540 ab
794 2471 1004 2558 angelis‚¹)
1039 2475 1120 2540 unde
1143 2479 1174 2542 et
1203 2476 1248 2540 ait
1276 2475 1324 2540 di-

118 2587 247 2670 scipulis
271 2586 352 2652 suisr
384 2587 419 2651 si
441 2586 676 2670 diligeretis
696 2606 754 2652 me
775 2588 1012 2672 gauderetis
1044 2587 1196 2670 utique.
1231 2585 1323 2670 quia

117 2698 164 2762 ad
186 2698 349 2764 Patrem
382 2698 496 2779 vado,
532 2698 624 2782 quia
645 2699 763 2764 Pater
795 2701 927 2786 maj0r
954 2719 1012 2766 me
1039 2697 1139 2784 est.)
1182 2698 1227 2765 At
1249 2716 1321 2764 vero

117 2812 190 2891 post
211 2807 389 2892 passionem
412 2827 502 2875 snam
525 2811 607 2876 sicut
627 2811 673 2876 ait
694 2811 756 2877 Leo
778 2813 914 2898 Magnus
937 2813 1037 2897 ruptis
1053 2811 1164 2879 mortis
1179 2809 1320 2889 vinculis,

118 2937 195 3003 quae
220 2919 284 2985 vim
307 2937 398 2986 suam
418 2923 451 2988 iu
474 2940 556 3003 eum,
579 2923 634 3006 qui
654 2923 778 3008 peccati
800 2927 867 2989 erat
880 2925 1004 2991 nescius
1019 2925 1052 2989 in
1067 2923 1221 2991 caedendo
1244 2941 1319 3007 per-

117 3035 247 3112 diderat,
269 3032 435 3098 infirmitas
457 3033 490 3096 in
511 3033 670 3113 uirtutem,
704 3035 880 3100 mortalitas
903 3036 936 3101 in
957 3036 1183 3114 aeternitatem,
1207 3036 1318 3101 contu·

115 3147 210 3213 melia
242 3144 388 3211 transivit
409 3145 442 3208 in
463 3145 605 3228 gloriam,
636 3146 705 3231 jam
738 3167 800 3214 nou
834 3146 930 3214 Patre
963 3149 1065 3214 minor
1103 3148 1157 3214 sed
1179 3146 1318 3230 aequalis

115 3261 172 3324 est.
209 3256 334 3322 Etenim
357 3255 416 3320 etsi
438 3255 534 3320 Pater
568 3245 712 3323 donantis
734 3258 921 3325 auctoritate
943 3257 1045 3342 major
1060 3260 1116 3338 est,
1140 3257 1222 3322 filins
1245 3256 1318 3320 doni

9 3395 10 3404 ¹
115 3369 309 3436 contessione
331 3367 432 3432 minor
454 3384 517 3432 non
537 3370 594 3448 est,
617 3368 685 3452 ipso
708 3369 857 3434 nimirum
879 3369 1055 3449 confitente,
1080 3368 1228 3453 quoniam
1243 3367 1317 3432 data

114 3485 164 3548 est
187 3481 216 3546 ei
238 3479 340 3544 omnis
362 3481 502 3562 potestas
528 3478 562 3543 in
583 3481 669 3545 coelo
692 3482 724 3546 at
745 3481 775 3545 in
800 3484 901 3561 terra;
922 3481 1060 3564 itemque
1080 3479 1221 3564 apostolo
1244 3495 1317 3561 pro·

114 3593 252 3658 testante
275 3591 373 3674 quia
394 3591 526 3657 datum
549 3593 611 3657 est
632 3591 669 3656 ai
691 3609 844 3670 nomen,
868 3592 965 3675 quod
987 3593 1048 3656 est
1071 3608 1186 3674 super
1209 3605 1316 3654 omna

114 3723 263 3770 nomen
278 3699 315 3788 ³),
338 3705 381 3769 ut
402 3705 443 3768 in
463 3702 624 3768 nomine
645 3703 746 3770 Jesu
766 3721 875 3769 omne
896 3701 1206 3788 genuflectatur
1226 3717 1317 3766 coe·

114 3816 294 3897 lestium,
317 3815 572 3880 terrestrium
594 3816 632 3879 et
652 3813 898 3880 infernorum
920 3813 1065 3897 omnique
1086 3813 1195 3897 lingua
1217 3809 1314 3876 confi·

114 3931 200 3995 tento
234 3927 422 4011 quoniam
454 3926 647 3993 Dominus
668 3925 780 3992 Jesus
804 3925 983 3994 Christus
1014 3923 1057 3992 in
1089 3923 1222 4009 gloria
1254 3925 1320 3988 est*

9 4035 10 4062 ¹
111 4039 183 4106 Dei
204 4037 353 4105 Patris.

9 4175 11 4262 l

111 4422 360 4437 Μ

212 4493 232 4566 ¹)
250 4497 291 4549 Ps.
311 4497 337 4552 8.
357 4499 384 4555 6.
404 4527 437 4538 -
459 4496 480 4566 ¹)
498 4497 571 4566 ioan,
593 4496 636 4552 14.
656 4495 700 4553 28.
723 4525 755 4534 -
776 4493 798 4566 ³)
817 4496 886 4552 Phil.
906 4497 931 4552 2.
954 4499 996 4555 10.
