3168 5190
237 423 300 490 208

238 595 281 658 ut
318 589 532 659 ostendam
567 591 608 655 in
656 607 699 654 eo
742 587 1028 654 fortitudinem
1068 589 1225 670 meam1)
1269 594 1301 658 ιι
1347 591 1452 657 alias:
1582 645 1583 672 p

238 702 398 783 fortem,
420 702 531 787 inquit,
555 700 754 781 fecicum,
779 703 822 764 ut
844 699 1138 785 corriperemfl)

338 814 421 896 Quid
443 814 525 878 enim
548 816 596 879 est
617 811 812 877 Pharaonem
835 811 899 876 sive
921 810 1019 876 istum
1043 812 1237 895 spiritualem
1260 811 1327 877 siue
1347 811 1453 877 illum
1582 833 1583 848 ι

240 927 398 991 carnalem
412 925 515 990 Deum
536 923 714 1003 suscitasse,
737 922 798 989 nisi
820 924 911 1004 hunc,
928 922 1075 990 Satanam
1099 924 1251 1006 videlicet,
1274 924 1307 990 in
1327 942 1453 1008 magna
1582 917 1583 958 l

239 1035 431 1103 subhmitate
465 1034 624 1121 angelicae
657 1038 787 1101 naturae
819 1053 958 1116 creasse,
991 1035 1082 1100 illum
1115 1038 1221 1102 autem
1254 1055 1326 1102 cum
1359 1037 1453 1100 esset

238 1147 340 1213 malus
357 1146 389 1211 in
404 1165 535 1230 regnum
558 1145 745 1227 sublevasse,
770 1150 921 1230 quatenus
938 1148 1068 1230 uterque
1082 1146 1238 1212 malitiam
1255 1145 1452 1231 praescitam

239 1254 395 1323 efficacius
428 1256 557 1340 implere
588 1256 754 1341 potuisset,
786 1257 847 1322 iste
868 1257 1013 1323 videlicet
1043 1258 1125 1323 inter
1146 1259 1273 1342 angelos
1297 1260 1329 1322 et
1350 1275 1453 1340 super
1582 1317 1583 1344 p

238 1371 365 1454 angelos
388 1366 593 1453 superbiendo
628 1386 796 1451 eorumque
829 1369 1038 1434 constantiam
1060 1371 1210 1434 tentando
1233 1371 1265 1434 et
1288 1386 1364 1452 quos
1387 1383 1452 1432 ua-

237 1481 298 1547 luit
318 1483 393 1566 post
416 1501 449 1548 se
473 1481 625 1547 trahendo
640 1499 676 1547 ao
689 1479 890 1564 postmodum
906 1479 1066 1545 hominem
1081 1479 1276 1564 decipiendo;
1297 1479 1349 1545 ille
1369 1496 1450 1544 vero

239 1594 397 1660 lsraelem·
409 1595 564 1660 carnalem
590 1591 757 1676 affligendo
774 1593 805 1656 et
820 1594 928 1656 contra
944 1591 1002 1656 Dei
1016 1593 1221 1676 praeceptum
1242 1585 1450 1676 retinendo.³)
1582 1627 1583 1632 =

239 1705 405 1789 Nescio,
427 1705 543 1790 iuquit,
575 1705 782 1772 Dominum
803 1707 843 1770 et
864 1701 1070 1771 Israelem
1091 1722 1167 1769 non
1189 1703 1404 1770 dimittam.
1418 1701 1449 1787 ⁴)
1582 1727 1583 1806 ι

241 1816 302 1884 Sed
323 1820 453 1899 uterque
485 1817 610 1883 tandem
641 1817 749 1883 ruinae
779 1833 853 1882 suae
880 1817 993 1882 damno
1025 1817 1204 1900 prostratus
1237 1815 1345 1881 didicit
1377 1834 1450 1881 non
1582 1807 1583 1882 l

241 1927 457 2012 blasphemare
479 1931 510 1993 et
531 1928 580 1994 vel
603 1947 671 1994 sero
694 1932 787 2013 atque
815 1926 931 1994 inritus
953 1925 1129 2011 potentiam
1149 1923 1211 1990 Dei
1233 1924 1373 1991 confiteri
1395 1926 1451 1991 di·

242 2057 330 2106 cens:
362 2039 577 2123 Fugiamus
608 2040 821 2120 Israelem,
855 2039 957 2104 Deus
980 2037 1086 2104 euim
1107 2039 1262 2122 pugnat
1293 2053 1363 2120 pro
1386 2036 1450 2102 ais
1582 2035 1583 2072 ⁴

242 2155 379 2219 contra
400 2153 517 2234 nos‚⁵)
549 2153 627 2217 alter
649 2152 745 2217 maris
767 2149 854 2217 rubri
875 2150 966 2216 undis
989 2150 1233 2230 occurrentibus,
1268 2149 1348 2214 alter
1369 2165 1449 2214 vero

241 2266 364 2347 praeter
394 2262 426 2328 id
449 2265 530 2347 quod
553 2263 591 2328 de
614 2262 699 2328 coelo
740 2264 915 2346 prostratus
939 2263 987 2328 est
1008 2259 1098 2344 aquis
1121 2259 1270 2344 baptismi
1293 2259 1451 2344 sanguine
1582 2319 1583 2348 3

243 2373 363 2443 Christi
384 2375 550 2440 rubricatis
572 2373 612 2440 ab
633 2373 763 2438 humani
784 2372 905 2457 generis
927 2373 1127 2457 possessione
1148 2372 1253 2457 ipsum
1275 2371 1448 2438 detinenti·
1582 2387 1583 2408 ³

242 2487 302 2553 bus
313 2504 350 2551 ao
361 2487 496 2571 pondere
509 2486 601 2570 pretii
616 2485 665 2551 sui
680 2504 752 2551 eum
766 2484 799 2548 in
814 2482 963 2568 abyssum
974 2484 1172 2550 aeternaliter
1186 2481 1447 2569 deprimentibus.
1582 2499 1583 2538 1

342 2597 459 2664 Debuit
480 2603 586 2665 autem
608 2601 640 2664 et
662 2597 755 2663 homo
770 2597 809 2662 ad
824 2601 947 2680 tempus
969 2612 1141 2682 poenarum
1163 2611 1292 2660 suarum
1308 2592 1448 2660 miseriis
1582 2621 1583 2640 2

244 2711 383 2796 experiri,
416 2714 568 2796 quantum
590 2710 687 2776 distet
708 2709 789 2775 inter
825 2708 1011 2775 seruientem
1032 2709 1099 2774 Deo
1122 2711 1154 2774 et
1174 2725 1237 2773 non
1259 2706 1449 2773 seruientem
1582 2761 1583 2810 ἱ

243 2824 310 2889 Deo
333 2825 364 2890 ιι
385 2820 487 2903 non⁶)
520 2839 614 2888 suave
646 2819 777 2887 Domini
808 2819 941 2905 legitimi
974 2823 1007 2886 et
1023 2819 1138 2904 jugum
1171 2837 1315 2904 premens
1348 2820 1447 2900 atque
1582 2821 1583 2864 ι

245 2933 421 3019 opprimens
443 2933 577 3017 tyranni.
621 2931 740 3015 Quodsi
762 2929 904 2996 diabolus
927 2931 1073 2997 ethome
1107 2931 1280 2998 desertores
1304 2947 1449 3013 compre·

244 3046 334 3112 hausi
354 3045 388 3109 in
409 3043 529 3110 malitia
562 3062 618 3110 sua
652 3047 684 3110 et
704 3043 811 3127 poenis
844 3042 963 3108 meritis
996 3043 1112 3108 addicti
1144 3060 1207 3109 non
1239 3041 1382 3120 fuissent,
1412 3037 1450 3105 in
1582 3041 1583 3072 l

245 3175 304 3240 quo
326 3173 418 3221 verus
441 3155 549 3234 lsrael,
582 3155 685 3239 angeli
707 3155 807 3220 sancti
829 3157 861 3219 et
881 3154 1034 3236 homines,
1057 3154 1169 3220 timere
1190 3154 1294 3220 Deum
1315 3149 1447 3218 didicis·

245 3270 316 3334 seut
348 3265 436 3350 cujus
470 3264 687 3332 fortitudinem
719 3269 751 3332 ct
772 3267 805 3331 iu
827 3267 1000 3332 desertores
1034 3265 1205 3330 vindictam
1238 3263 1450 3349 experimento

245 3376 441 3464 nescisset.⁷)
473 3378 605 3461 Insuper
628 3381 659 3442 et
681 3377 782 3444 sancti
803 3377 906 3463 angeli
928 3377 1062 3444 maxime
1095 3381 1201 3444 autem
1223 3375 1364 3442 homiues
1386 3373 1452 3438 im-
1582 3359 1583 3368 ¹

245 3493 370 3578 piorum
403 3491 524 3558 malitia
555 3492 595 3556 ad
629 3491 678 3557 sui
708 3490 923 3575 probationem
944 3491 1042 3556 veluti
1062 3489 1185 3556 camino
1218 3489 1371 3573 eguerrmt
1391 3504 1452 3570 per

246 3623 323 3687 quos
345 3604 469 3690 probati
490 3603 578 3669 velut
600 3620 710 3667 aurum
732 3603 782 3669 ιιι
803 3605 965 3686 tamquam
986 3617 1064 3667 vasa
1085 3600 1175 3686 figuli
1196 3591 1291 3684 atquc
1312 3597 1346 3663 in
1367 3597 1453 3681 pati·
1582 3623 1583 3700 j

247 3716 331 3780 entia
363 3717 456 3799 atque
489 3713 695 3780 aemulatione
722 3712 866 3798 justitiae
898 3712 1060 3780 exercitati
1093 3712 1248 3797 digniores
1275 3727 1372 3795 reguo
1394 3708 1451 3774 illo
1582 3701 1583 3742 l

246 3824 467 3891 invenirentur.
489 3823 556 3891 Nec
578 3822 694 3889 mirum
717 3824 796 3889 illud
815 3841 879 3888 non
900 3824 1004 3890 solum
1027 3824 1064 3889 de
1078 3820 1257 3922 homiuibus
1280 3820 1334 3886 sed
1357 3822 1390 3885 et
1411 3819 1453 3885 de
1582 3889 1583 3892 ,

247 3935 365 4021 angelis
388 3935 493 4002 electis
516 3935 640 4016 sentire,
679 3952 750 4000 cunr
770 3935 912 4020 legamus
935 3935 968 4002 in
990 3933 1157 4021 scripturis
1179 3931 1336 3999 canonicis
1357 3948 1453 4016 proe-
1582 4003 1583 4032 ff

245 4047 324 4113 lium
356 4063 507 4132 maguum
528 4045 648 4114 lactum
669 4049 774 4130 esse⁸)
802 4045 834 4112 in
867 4049 966 4124 coelo,
997 4048 1030 4114 in
1052 4064 1112 4132 quo
1136 4043 1271 4149 hlichael
1293 4044 1325 4108 et
1346 4039 1451 4128 angeli
1582 4039 1583 4060 ¹

351 4309 371 4380 ¹)
390 4309 476 4364 Exod.
496 4309 522 4364 9.
543 4308 586 4364 16.
607 4338 639 4348 -
661 4306 681 4377 ²)
700 4307 800 4362 Hebae.
822 4307 961 4363 1.12.-
981 4303 1002 4372 ³)
1021 4305 1078 4360 cod.
1098 4304 1142 4358 dei
1161 4309 1262 4372 ceptum
1282 4301 1451 4357 reddiueudo.

249 4435 283 4449 ·
305 4407 328 4476 ⁴)
348 4409 432 4464 E10d·
452 4409 478 4465 5·
498 4411 523 4466 2.
545 4434 579 4448 -
602 4405 621 4477 ⁵)
639 4406 725 4464 Exod.
745 4406 789 4464 14.
809 4407 853 4463 25.
878 4435 904 4447 -
927 4402 948 4475 ⁶)
967 4405 1080 4461 nomeu?
1101 4433 1129 4448 -
1154 4400 1173 4472 ¹)
1191 4403 1246 4456 cod
1265 4403 1396 4456 nescisset.
1421 4429 1450 4441 -

250 4506 271 4579 ⁸)
290 4523 361 4575 apoc.
382 4504 425 4562 12.
445 4509 470 4565 7.
