3172 5202
1251 393 1308 456 191

211 559 271 626 Sed
292 575 355 623 non
378 555 454 622 satis
476 558 602 621 nostrae
622 553 829 621 imbecillitati
859 563 942 624 esset
962 561 1087 644 gemina
1108 560 1169 626 ista
1190 563 1308 646 gratiae

105 674 141 738 in
164 670 288 738 christo
321 668 472 754 professio
506 666 648 732 videlicet
669 666 759 732 nobis
782 669 832 734 ria
854 674 887 735 et
906 671 1022 737 veritas
1050 671 1115 737 sive
1147 691 1256 740 currus
1280 679 1312 742 et

107 781 221 867 auriga
243 784 301 870 est,
323 779 384 846 nisi
399 782 431 845 et
445 779 574 846 tertium
589 779 810 848 consolationis
828 781 1005 847 membrum
1015 781 1170 866 junxisset
1192 785 1310 853 dicenss

107 896 186 978 Ego
220 911 304 960 sum
336 893 413 973 ria,
449 890 603 956 raritas
638 894 674 957 et
706 891 800 957 vita.
845 892 934 960 Idem
956 895 1039 958 enim
1067 895 1134 979 ipse
1155 891 1310 964 Dominus

107 1007 226 1087 Jesus,
264 1003 318 1094 qui
347 1002 437 1069 nobis
470 1022 527 1088 per
559 1003 806 1069 mansuetudinis
839 1003 994 1070 humanae
1026 1007 1223 1073 tolerantiam
1256 1028 1312 1092 per

107 1097 235 1182 morum
268 1115 441 1180 doctrinam
475 1116 506 1178 et
526 1114 667 1199 exempla
700 1115 851 1181 uirtutum
884 1115 935 1182 via
967 1116 1069 1184 factus
1105 1122 1161 1199 est,
1196 1121 1309 1204 quique

107 1226 200 1293 nobis
223 1245 281 1311 per
302 1223 422 1290 divinae
444 1223 568 1290 virtutis
591 1243 665 1290 suae
687 1228 852 1292 veritatem
875 1230 906 1292 et
928 1231 1061 1313 gratiam
1082 1231 1185 1297 lucere
1206 1231 1239 1296 in
1261 1232 1312 1298 via

108 1358 231 1424 nosque
264 1337 407 1421 aurigare
440 1356 534 1420 seque
566 1336 656 1402 nobis
688 1341 816 1424 pastum
838 1339 984 1422 praebere
1005 1360 1068 1406 non
1090 1341 1212 1426 desinit,
1246 1342 1313 1427 ipse

109 1469 235 1535 queque
267 1449 300 1514 in
330 1468 363 1514 se
395 1448 469 1530 rita,
504 1466 575 1513 cum
605 1451 745 1543 nostram
768 1451 795 1514 ei
817 1451 915 1515 vitam
937 1452 1178 1536 expenderimus,
1211 1451 1312 1520 fessos

108 1563 247 1628 viatores
281 1559 402 1646 excipit,
436 1579 469 1626 se
502 1559 599 1625 nobis
615 1559 713 1625 vitam
734 1559 884 1645 praebens
917 1562 950 1627 in
983 1563 1083 1647 patria
1111 1582 1183 1630 cum
1204 1568 1312 1631 nostra

107 1673 175 1739 vita
197 1670 354 1739 defecerit.
399 1671 488 1755 Quod
522 1671 617 1737 etiam
651 1690 775 1739 cramus
810 1673 963 1740 dicentesr
999 1675 1090 1742 Cum
1112 1673 1313 1742 defecerit

106 1785 242 1851 virtus
265 1801 347 1849 mea
369 1803 414 1849 ns
436 1784 689 1868 derelinquas
713 1785 810 1866 me.¹)
834 1785 922 1852 Unde
943 1786 1021 1851 alias
1044 1786 1122 1852 item
1144 1786 1312 1853 confitetur

108 1899 233 1966 dicens:
258 1897 374 1965 Sicut
395 1894 523 1960 habet
543 1898 661 1981 pater
682 1895 803 1961 vitam
825 1895 865 1960 in
881 1895 1099 1982 semetipso
1122 1895 1180 1961 sic
1202 1894 1313 1961 dedit

107 2013 147 2075 et
168 2010 265 2076 filio
287 2010 412 2076 uitam
433 2006 582 2074 habere
603 2006 644 2071 in
666 2004 924 2092 semetipso.²)
948 2006 1049 2072 Itemt
1073 2005 1173 2091 Ego,
1196 2004 1309 2091 inquit,

109 2141 196 2187 sum
219 2117 469 2188 resurrectio
494 2119 675 2201 atrita)
720 2118 769 2184 nt
789 2117 906 2184 uenit
926 2118 1027 2184 hora
1056 2122 1096 2184 et
1117 2138 1225 2185 nunc
1247 2124 1312 2186 est

110 2235 268 2320 quando
301 2230 446 2298 mortui
478 2230 634 2296 audient
665 2248 798 2296 vocem
830 2230 910 2297 filii
942 2231 1016 2298 Dei
1049 2234 1086 2297 et
1109 2229 1175 2313 qui
1197 2231 1312 2297 audi-

110 2346 219 2413 erint
240 2341 436 2429 riuentst)
460 2345 491 2410 et
513 2345 613 2409 multa
634 2342 666 2406 in
688 2340 770 2407 hunc
792 2344 930 2409 modum.
968 2342 1028 2410 Sed
1051 2346 1082 2408 ct
1104 2339 1253 2408 Salomon
1275 2343 1313 2409 de

109 2458 197 2544 ipso:
222 2457 440 2544 Sapientia,
474 2455 585 2541 inquit,
623 2453 727 2520 liliis
751 2455 833 2520 suis
854 2455 976 2521 uitam
997 2454 1213 2538 inspirat.¹⁵)
1241 2455 1312 2538 Ipse

111 2589 236 2654 quoque
271 2570 345 2635 dnm
368 2569 529 2649 saritam,
567 2569 736 2654 discipulos
758 2568 905 2654 palmites
928 2567 1103 2651 confitetur,
1139 2586 1191 2634 eos
1214 2566 1313 2632 uitam

109 2701 173 2747 non
195 2700 214 2746 a
237 2681 413 2766 semetipsis
435 2679 550 2745 habere
582 2681 635 2745 ssd
658 2699 676 2745 a
699 2700 732 2746 se
754 2679 876 2745 trahere
898 2682 952 2746 dat
973 2681 1155 2765 intelligere.
1201 2679 1312 2746 Omnia

107 2795 185 2861 haec
207 2795 240 2860 in
262 2793 397 2860 Domino
420 2793 498 2860 Jesu
520 2792 618 2858 vitam
642 2798 674 2858 et
696 2793 955 2859 resurrectionem
977 2793 1161 2858 annuntiant
1177 2796 1209 2858 ct
1224 2792 1311 2872 bene,

108 2911 203 2986 recte,
225 2904 408 2972 necessarie.
431 2905 499 2970 Nos
522 2905 604 2969 enim
628 2905 710 2969 sicut
731 2903 901 2971 imbecilles
924 2905 963 2969 ad
983 2904 1142 2986 virtutem,
1167 2903 1252 2970 coeci
1273 2903 1313 2969 ad

108 3019 275 3083 vamtatem
307 3017 352 3081 ita
384 3019 416 3081 et
449 3015 554 3100 frigidi
589 3033 626 3081 ac
658 3017 775 3082 mortui
796 3035 815 3080 a
837 3017 901 3081 vita
933 3020 1040 3081 nostra
1072 3017 1138 3081 Deo
1172 3018 1204 3080 et
1225 3013 1313 3080 uitali

109 3131 213 3196 calore
247 3129 349 3194 effecti
382 3145 505 3194 eramus
527 3128 560 3192 in
582 3126 695 3192 Adam.
740 3128 829 3194 Unde
851 3127 1061 3193 necessarium
1094 3126 1322 3194 restaurationiw

108 3247 236 3310 nostrae
256 3242 329 3322 fuit,
362 3243 398 3306 ut
418 3241 571 3306 Dominus
594 3241 688 3307 Jesus
723 3241 805 3306 sicut
836 3238 1012 3305 infirmitati
1044 3241 1170 3306 nostrae
1193 3237 1243 3303 ria
1264 3237 1313 3303 rel

110 3373 220 3420 currus
244 3352 449 3436 coecitatique
469 3355 594 3418 nestrae
624 3351 739 3417 veritas
763 3354 795 3416 et
816 3350 925 3434 auriga
946 3350 1048 3416 factus
1071 3351 1128 3430 est,
1151 3349 1196 3413 ita
1219 3345 1314 3413 morti

110 3485 233 3551 qnoque
265 3466 390 3530 nestrae
424 3463 489 3528 vita
510 3465 543 3528 et
564 3462 668 3529 vitalis
706 3464 790 3529 calor
813 3461 967 3528 existeret.
1011 3461 1080 3526 Hoc
1101 3461 1209 3524 antem
1230 3460 1261 3523 et
1280 3454 1312 3521 in

109 3578 231 3645 Eliseeo
263 3575 395 3660 mystice
417 3575 649 3658 praesignatum
671 3576 729 3654 est,
762 3572 815 3656 qui
836 3571 1077 3638 resuscitaturus
1099 3588 1232 3656 puerum
1254 3587 1313 3654 po-

110 3691 174 3756 snit
196 3708 231 3755 es
255 3706 347 3754 suum
369 3705 461 3769 super
494 3704 528 3750 os
562 3684 629 3769 ejus
652 3691 681 3752 et
703 3684 809 3749 oculos
830 3700 904 3749 suos
937 3703 1030 3767 super
1063 3683 1168 3748 oculos
1191 3679 1258 3766 ejus
1281 3685 1312 3746 et

109 3820 221 3868 manus
246 3818 318 3866 snas
341 3817 433 3883 super
455 3815 565 3863 manus
597 3795 665 3880 ejus
689 3799 721 3861 et
742 3794 917 3861 incurvavit
941 3815 976 3861 se
1000 3814 1092 3879 super
1115 3812 1186 3859 eum
1209 3792 1313 3877 sicque

109 3913 260 3980 calefacta
282 3915 331 3977 est
353 3929 424 3978 carc
447 3909 537 3996 pueri
559 3912 591 3975 et
613 3909 756 3975 oscitavit
777 3928 854 3993 puer
877 3907 991 3991 septies
1013 3906 1192 3993 apertisque
1215 3903 1312 3971 oculis

112 4022 285 4110 surrexit.⁶)
1188 4027 1189 4032 ’

213 4213 233 4285 ¹)
250 4215 293 4268 Ps.
313 4213 357 4270 ⁷0.
377 4210 404 4267 9.
418 4241 451 4252 -
469 4207 489 4280 ²)
507 4212 580 4266 Joan.
599 4208 626 4265 5.
647 4210 692 4266 26.
712 4237 747 4252 ·-
766 4207 788 4278 8)
806 4210 878 4263 Jcan.
900 4207 944 4262 ll.
965 4206 1008 4263 25.
1032 4235 1066 4245 —
1087 4202 1110 4274 ⁴)
1129 4204 1201 4258 Jcan.
1221 4203 1248 4259 5.
1266 4200 1312 4256 25·

110 4335 144 4348 -
162 4306 186 4376 θ)
199 4307 273 4362 Eccl.
292 4304 318 4361 4.
340 4307 382 4362 12.
398 4333 431 4345 -
447 4301 599 4372 ⁶)1v.1eg.
618 4300 644 4356 4.
663 4302 707 4358 34.
720 4303 755 4356 cl.
768 4303 897 4355 Honorius
909 4299 1150 4368 Augustodunensis
1162 4299 1189 4350 in
1203 4296 1313 4364 Speculo

108 4401 240 4454 ecclesiae
258 4414 340 4452 sermo
357 4401 385 4451 in
403 4397 525 4450 Passieno
543 4397 593 4448 Dni
616 4394 654 4466 (in
673 4394 736 4452 (lod.
760 4389 936 4462 lambacensi)
962 4397 988 4445 et
1015 4395 1043 4445 in
1069 4391 1175 4458 prologo
1193 4391 1221 4442 in
1240 4385 1312 4442 Ceut.

110 4491 209 4550 Gentio.
228 4491 352 4546 Bibliotn.
373 4507 407 4550 ss.
427 4489 541 4544 Petrum.
560 4489 681 4556 Lugduni
698 4490 770 4543 Tom.
792 4487 856 4538 XX.
870 4485 917 4540 iol.
938 4483 1017 4539 1155.
