3168 5190
1285 403 1349 470 299

142 583 205 647 Dei
228 579 414 664 sapientiam
436 581 539 645 totum
562 579 643 644 sicut
661 580 712 643 est
731 577 911 644 intellectus
934 575 1203 663 comprehendat?
1241 577 1301 660 Qui
1323 577 1350 640 si

142 693 282 770 humano
304 692 353 757 rel
375 691 514 774 angelico
535 690 696 755 intellectu
731 687 944 754 circumscribi
966 691 1074 771 posset
1095 685 1235 769 profecto
1262 686 1348 754 Dens

142 803 318 868 immensus
341 806 373 868 et
395 801 680 884 incircumscriptus
705 819 767 866 non
791 804 882 866 esset.
925 799 1020 866 Nunc
1042 817 1114 865 vero
1137 801 1244 864 volans
1266 801 1352 866 volat

146 933 243 998 super
264 931 380 997 pennas
402 917 567 980 ventorum
586 915 752 996 nullusque
774 913 951 978 intellectus
974 913 1066 995 capit,
1090 930 1168 995 quae
1183 911 1246 978 Dei
1268 917 1351 992 sunt,

144 1025 208 1089 nisi
230 1025 362 1109 spiritus
386 1025 451 1089 Dei.
495 1023 619 1090 Nemo
644 1023 738 1088 etiam
760 1023 879 1088 novit
900 1024 1037 1089 filiurn
1059 1023 1145 1088 nisi
1167 1022 1293 1088 Pater
1315 1027 1353 1088 et

144 1153 260 1200 nemo
283 1135 399 1199 norit
421 1136 580 1202 Patrem
613 1139 697 1204 nisi
718 1140 853 1205 Filius
877 1142 916 1202 et
938 1139 1001 1204 cui
1022 1137 1199 1204 voluerit
1220 1137 1351 1202 Filius

146 1249 378 1330 revelara1)
422 1249 498 1332 Quis
522 1269 632 1334 nempe
654 1251 830 1316 intellectus
854 1250 975 1335 capiat,
999 1250 1171 1332 quomodo,
1193 1252 1229 1313 ut
1252 1249 1297 1313 ait
1318 1248 1350 1312 b.

146 1357 386 1442 Gregorius,
409 1353 594 1445 corporatur
615 1360 754 1440 verbum,
779 1362 931 1445 quomodo
958 1379 1099 1426 summus
1123 1364 1154 1425 et
1175 1359 1352 1426 vivificator

146 1467 277 1552 spiritus
310 1471 393 1536 intra
414 1475 538 1537 uterum
561 1473 690 1557 virginis
713 1473 886 1551 animatur,
921 1473 1065 1555 qualiter,
1100 1473 1153 1555 qui
1171 1475 1221 1538 est
1243 1475 1275 1536 et
1298 1471 1351 1555 qui

146 1583 223 1658 erat,
246 1579 293 1661 fit,
318 1600 390 1646 cum
411 1586 516 1648 tamen
535 1583 612 1650 fides
635 1585 672 1649 de
694 1585 742 1648 his
766 1583 907 1650 dubitare
929 1602 992 1648 non
1014 1583 1142 1648 sinatur.
1174 1583 1254 1650 Cum
1276 1601 1350 1667 ergo

146 1690 185 1755 de
221 1691 272 1756 his
307 1693 449 1760 dubitare
479 1694 527 1760 ias
560 1714 622 1761 non
645 1697 696 1776 sit,
732 1696 872 1780 quamvis
905 1695 985 1760 ratio
1022 1712 1132 1779 capere
1154 1713 1217 1759 non
1240 1695 1351 1776 valeat,

146 1805 304 1887 quomodo
339 1805 381 1870 sit
402 1806 433 1871 id
456 1808 569 1872 saltem
600 1808 778 1874 intellectus
815 1811 921 1874 noster
954 1805 1058 1871 divino
1094 1823 1221 1870 munere
1255 1805 1350 1889 capit,

147 1915 295 1997 quoniam
328 1917 418 2001 aequi
440 1919 571 1985 redditio
594 1921 742 2004 postulat,
776 1923 812 1985 ut
846 1919 1001 2003 quomodo
1024 1920 1168 1983 aeternus
1191 1913 1250 1982 snb
1272 1919 1352 1981 tem·

146 2043 224 2110 pore
257 2025 360 2092 factus
383 2034 431 2095 est
453 2029 564 2096 similis
597 2031 687 2097 nobis
722 2030 895 2115 passibilis:
932 2029 978 2096 ita
1010 2047 1133 2112 quoque
1166 2028 1350 2113 temporalis

146 2137 242 2202 homo
265 2141 373 2204 noster
394 2139 427 2204 in
449 2141 585 2222 Christo,
609 2142 661 2225 qui
677 2145 709 2207 et
724 2142 867 2209 Christus
890 2161 947 2226 per
969 2139 1228 2207 resurrectionem
1251 2141 1353 2205 oeter-

148 2267 208 2314 nus
243 2249 373 2316 effectus
407 2251 449 2316 sit
480 2251 590 2318 similis
620 2253 708 2318 Patri
740 2250 963 2336 impassibilis,
999 2251 1288 2337 incircumscriptus
1322 2253 1354 2316 et

149 2378 332 2428 immensus.

652 2747 763 2817 Cap.
783 2723 860 2803 LI.

363 2871 483 2958 Corpus
505 2871 632 2939 Domini
654 2872 750 2939 simul
768 2872 803 2938 in
825 2870 936 2939 multis
959 2871 1039 2940 locis
1063 2890 1144 2938 esse.

253 3059 337 3124 Hinc
359 3059 443 3124 enlm
464 3061 614 3144 estquod
637 3078 751 3146 corpus
774 3059 840 3144 ejus
863 3078 972 3124 verum
994 3059 1027 3123 in
1049 3059 1133 3124 mille
1157 3060 1251 3124 simul
1273 3064 1355 3125 trao-

152 3174 239 3235 tatnr
260 3169 422 3249 altaribus,
446 3170 473 3236 si
495 3171 571 3237 fides
595 3170 763 3260 christiana
785 3169 885 3235 inanis
908 3188 971 3235 non
993 3173 1050 3249 est,
1074 3171 1156 3253 quod
1171 3171 1222 3235 vel
1237 3170 1356 3253 opinari

154 3281 342 3364 sacnlegum
364 3285 421 3347 est.
466 3281 542 3365 Quis
565 3299 637 3346 vero
661 3284 692 3345 et
714 3281 772 3346 hoc
806 3282 983 3346 intellectus
1017 3281 1129 3364 capiat,
1167 3299 1265 3345 unum
1288 3299 1356 3346 esse

154 3411 262 3458 rorum
285 3391 401 3459 Christi
435 3411 548 3478 corpus
583 3391 704 3458 visibile
727 3410 762 3457 ae
785 3392 942 3479 palpabile
974 3393 1048 3458 licet
1081 3394 1113 3456 in
1146 3393 1208 3456 alia
1243 3391 1357 3476 effigie,

155 3503 236 3570 sicut
257 3503 290 3568 in
312 3503 362 3568 via
385 3523 506 3588 quoque
540 3503 660 3569 duobus
684 3503 917 3570 ambulantibus
941 3505 974 3567 in
996 3503 1057 3568 alia
1089 3503 1193 3588 effigie
1215 3503 1360 3585 apparuit

155 3618 186 3682 et
208 3615 241 3681 in
264 3615 415 3681 fractione
447 3616 537 3700 panis
561 3617 686 3700 agnitus
710 3620 774 3697 est,
806 3616 954 3681 nimirum
987 3615 1137 3680 viaticum
1169 3615 1236 3695 ipse
1268 3612 1359 3678 nobis

155 3727 280 3794 futurus
304 3729 335 3792 et
356 3728 389 3792 in
412 3727 563 3792 fractione
586 3729 651 3793 veri
673 3727 766 3812 hujus
788 3728 878 3812 panis
903 3728 967 3793 suis
991 3725 1217 3809 agnoscendus,
1242 3724 1292 3807 qui
1318 3724 1360 3789 si-

155 3837 284 3926 quaml)
307 3837 365 3904 hoc
387 3839 563 3905 intellectus
587 3841 690 3924 capiat
712 3857 820 3906 verum
844 3843 875 3904 et
897 3839 1032 3905 solidum
1053 3841 1147 3920 atquo
1170 3854 1268 3900 unum
1291 3854 1360 3901 osse

156 3950 273 4020 christi
306 3969 416 4034 corpus
450 3951 593 4035 idemque
624 3950 728 4035 ipsum
764 3953 832 4017 loco
869 3948 1081 4016 circumscribi
1114 3967 1176 4014 nou
1197 3966 1301 4032 posse,
1325 3964 1361 4012 eo

156 4065 240 4150 quod
261 4063 293 4128 in
316 4062 424 4128 multis
448 4062 542 4128 simul
563 4063 640 4128 locis
664 4063 706 4128 sit
727 4064 809 4128 etin
832 4061 939 4127 multis
964 4061 1057 4126 simul
1079 4058 1230 4125 altaribus
1250 4057 1362 4123 afide·

154 4173 238 4240 libus
262 4176 430 4240 sumatur?
453 4173 521 4239 Aut
543 4175 612 4259 quis
635 4178 729 4261 neget
751 4193 812 4240 uno
829 4174 998 4256 codemque
1013 4174 1172 4239 momento
1191 4170 1361 4235 Dominum

155 4285 268 4353 Jesum
289 4285 322 4350 in
344 4287 470 4371 proprio
494 4303 624 4370 corpore
645 4286 678 4349 in
700 4285 785 4351 mille
816 4283 953 4351 millibus
976 4284 1053 4351 locis
1077 4284 1170 4350 simul
1189 4299 1284 4366 posse
1306 4297 1363 4364 ap·

160 4433 411 4444 ——----——-—-.

263 4503 283 4570 ¹)
304 4503 389 4557 Metu.
410 4501 456 4556 11.
476 4499 520 4553 27.
545 4527 577 4537 -
601 4495 621 4565 l)
640 4501 677 4550 sic
697 4498 788 4550 codex.
