3172 5202
519 628 623 715 Super
645 632 747 695 rotam
769 628 939 696 molendini

519 743 589 809 Duo
612 742 721 807 sedent
742 741 875 827 palatini

519 855 650 921 Gulmen
672 857 779 920 tenent
801 857 865 920 tras
888 856 920 920 et
938 852 1013 920 trini

516 963 707 1031 laudatores
729 965 885 1032 matutini.

230 1128 272 1194 ut
292 1127 368 1195 haec
390 1126 487 1194 verba
500 1128 582 1193 idem
597 1147 673 1212 puer
688 1147 760 1192 cum
773 1129 810 1192 in'
822 1127 936 1194 scholis
952 1130 1020 1194 loco
1038 1129 1227 1209 dictaminis,
1243 1134 1336 1214 prout

127 1243 197 1306 erat
215 1241 335 1321 doctus,
348 1240 531 1324 protulisset
545 1239 654 1305 multis
669 1239 818 1306 miraculo
835 1240 1004 1306 ertitemnt
1018 1241 1169 1324 hodieque
1185 1240 1334 1308 miraculo

127 1352 204 1416 sunt
219 1351 264 1416 eis
280 1351 320 1416 ad
336 1369 414 1436 quos
430 1350 511 1417 ferte
526 1353 628 1417 relatu
642 1351 838 1436 perveniunt.
854 1351 932 1416 Mihi
956 1370 1028 1416 vero
1045 1351 1127 1418 siout
1144 1353 1244 1417 dicere
1259 1371 1333 1446 coep

126 1462 189 1527 duo
207 1462 254 1528 illi
269 1462 399 1547 palatini
413 1463 575 1529 dualitatis
590 1462 649 1528 hoc
664 1464 784 1528 malum
800 1464 944 1529 videntur
958 1463 1157 1546 portendere;
1181 1467 1251 1529 rota
1265 1482 1334 1529 mo·

124 1573 246 1640 landini
260 1572 309 1640 vel
324 1573 409 1641 orbis
432 1576 480 1641 vel
495 1575 643 1641 ecclesiae
659 1575 843 1640 universitas
859 1578 908 1640 est
930 1574 980 1640 oui
1002 1574 1151 1658 competit
1172 1572 1258 1640 serbi
1274 1574 1334 1640 Dei

125 1685 263 1752 farinam
277 1687 402 1766 molere,
414 1705 496 1754 nunc
507 1704 578 1752 vero
591 1689 657 1751 tam
672 1686 704 1751 in
721 1684 795 1752 orbe
807 1703 900 1768 quam
914 1685 946 1750 in
965 1684 1042 1750 urbe
1056 1685 1152 1750 simul
1167 1687 1198 1750 et
1216 1686 1248 1750 in
1262 1687 1332 1751 uni·

123 1817 218 1864 versa
233 1802 296 1865 lere
310 1799 441 1865 ecclesia
454 1799 492 1864 de
506 1797 627 1865 duobus
644 1798 736 1864 dictis
748 1797 897 1863 Romanis
909 1794 1113 1863 Pontificibus
1130 1796 1251 1862 diversa
1262 1815 1331 1863 mo·

123 1909 234 1975 limina
257 1913 340 1977 sunt.
384 1909 445 1976 Sed
467 1910 549 1975 inter
579 1910 656 1975 haec
679 1909 761 1975 sicut
784 1926 906 1992 semper
927 1909 972 1973 ita
994 1911 1026 1974 et
1045 1925 1128 1973 nunc
1161 1911 1225 1974 tres
1257 1909 1279 1973 i.
1304 1929 1331 1976 a.

123 2021 222 2087 Pater
254 2025 285 2087 et
317 2020 416 2086 Filius
451 2023 483 2085 et
510 2019 645 2104 Spiritus
680 2022 806 2085 sanctus
840 2019 963 2086 culmen
996 2022 1103 2086 tenent
1126 2021 1252 2084 etcum
1285 2021 1329 2086 eis

122 2131 199 2196 trini
222 2132 398 2206 laudatores
433 2131 579 2198 matutini
613 2131 757 2197 videlicet
786 2134 834 2196 ter
855 2130 937 2196 tarni
970 2131 1092 2196 ordines
1126 2132 1258 2216 angelici
1280 2134 1330 2199 vel

122 2244 220 2309 etiam
242 2243 383 2308 homines
417 2243 482 2308 veri
516 2241 682 2308 Trinitatis
706 2242 894 2322 laudatores,
928 2260 991 2309 non
1013 2247 1130 2308 temere
1152 2245 1207 2308 aut
1229 2239 1328 2308 obsti·

122 2356 197 2418 nate
217 2355 248 2418 in
271 2353 351 2419 hano
372 2353 422 2419 vel
442 2353 475 2418 in
497 2354 585 2419 illam
607 2357 730 2439 partem
753 2354 944 2420 declinantes
968 2355 1022 2420 sed
1045 2354 1221 2437 utrobique,
1245 2355 1328 2438 quod

121 2481 286 2549 perperam
319 2465 424 2550 agitur
445 2466 495 2532 vel
516 2465 568 2548 agi
592 2465 714 2545 dicitur,
751 2465 964 2549 improbantes
986 2484 1023 2532 ao
1045 2484 1138 2550 super
1159 2466 1207 2530 his
1231 2466 1329 2533 eccle-

121 2577 187 2642 siae
211 2576 384 2642 universale
417 2576 583 2642 concilium
616 2580 838 2661 exspectantes,
871 2576 997 2642 interim
1019 2595 1091 2642 vero
1113 2575 1153 2643 ab
1176 2577 1325 2660 apostoli·

120 2706 230 2754 aarum
252 2687 373 2753 sedium
395 2687 612 2753 communione
646 2706 708 2753 uon
740 2689 928 2755 recedentes.
973 2688 1013 2753 nt
1035 2688 1111 2754 haec
1134 2687 1228 2753 tertia
1251 2707 1325 2774 pars

119 2803 246 2868 emman
279 2803 388 2866 teneus
410 2800 431 2866 i.
455 2821 480 2866 e.
503 2800 641 2866 medium
673 2801 705 2865 in
740 2799 854 2866 diaboli
886 2801 1104 2885 phantasmate
1128 2801 1209 2867 sicut
1231 2798 1325 2866 arbor

117 2913 151 2978 in
173 2914 424 2998 praememorata
455 2911 509 2976 illa
543 2911 661 2976 risione
693 2910 812 2995 absque
844 2909 938 2976 dubio
971 2912 1073 2996 potior
1103 2914 1159 2992 ost,
1195 2911 1322 2995 reliquis

118 3022 241 3090 duabus
263 3041 319 3108 per
340 3024 417 3089 duos
438 3025 595 3107 serpentes
616 3023 665 3088 vel
688 3023 764 3088 duos
787 3023 941 3106 palatinos
964 3023 1157 3108 significatis.
1201 3019 1240 3088 In
1262 3042 1323 3109 qua

118 3136 215 3200 simul
237 3134 331 3201 tertia
353 3137 443 3220 parte
462 3135 494 3198 et
514 3153 572 3200 nos
593 3134 718 3200 interim
745 3153 813 3200 esse
834 3135 995 3220 cupientes
1018 3135 1157 3202 divinam
1178 3135 1210 3200 in
1233 3153 1269 3202 oa
1292 3139 1325 3202 at

116 3265 190 3312 cum
212 3263 248 3312 ea
270 3262 433 3311 exoramus
449 3245 655 3324 clementiam,
674 3249 826 3330 quatenus
842 3248 891 3312 vel
905 3246 1015 3313 ambos
1031 3249 1079 3312 vel
1095 3266 1193 3312 unum
1209 3249 1322 3313 saltem

117 3379 134 3424 e
155 3355 278 3424 duobus
301 3357 371 3423 istis
395 3355 589 3441 serpentibus
606 3360 638 3423 et
652 3358 797 3441 palatinis
820 3359 921 3440 tollat,
945 3359 973 3423 ei
994 3376 1181 3442 veroquam
1197 3375 1321 3424 manere

115 3469 185 3553 ipse
207 3470 338 3555 dignum
359 3469 480 3534 duxerit
501 3471 665 3552 tantum1)
702 3468 897 3535 columbinae
931 3469 1140 3555 simplicitatis
1164 3475 1196 3534 et
1218 3487 1321 3536 sacar·

116 3582 232 3647 dotalis
264 3581 391 3666 pietatis
412 3579 565 3662 infundat,
599 3582 647 3648 uti
669 3602 707 3648 ne
730 3585 815 3648 solus
838 3601 963 3666 serpens
996 3580 1045 3645 vel
1068 3581 1196 3663 palatini
1218 3580 1319 3646 fastus

115 3693 148 3757 in
172 3691 240 3774 ipso
263 3689 353 3756 bonis
375 3691 488 3758 terrori
510 3693 568 3773 sit,
591 3695 646 3760 sed
669 3698 700 3760 et
722 3692 867 3761 columba
889 3697 920 3760 et
941 3691 1082 3779 pontifex
1104 3693 1318 3760 consolationi.

114 3803 159 3870 Et
180 3802 263 3868 sicut
285 3802 323 3867 de
344 3802 528 3889 palmitibus
551 3805 583 3870 in
602 3805 771 3891 Evangelio
806 3824 863 3872 sno
886 3807 1000 3872 verius
1023 3805 1188 3890 promittit,
1222 3824 1319 3872 uuum

115 3935 131 3978 e
155 3912 277 3979 duobus
299 3913 369 3979 istis
391 3914 572 3996 palmitibus
602 3918 728 4002 insuper
750 3936 821 3984 vero
845 3920 877 3983 et
899 3935 1023 3983 omnem
1045 3916 1208 4000 palmitem
1229 3915 1261 3981 in
1284 3935 1318 3982 se

115 4027 199 4092 vitae
219 4023 358 4092 fructum
372 4043 435 4091 non
450 4023 602 4095 ferentem
617 4029 711 4095 Pater
726 4030 867 4098 coelestis
883 4029 1020 4114 agricola
1035 4030 1142 4108 tollat;
1165 4024 1317 4093 ferentem

113 4156 187 4205 vero
211 4135 382 4216 charitatis,
403 4136 542 4218 unitatis,
563 4140 688 4225 pietatis
712 4144 742 4206 et
764 4140 904 4224 iustitiae
926 4139 1065 4208 fructum
1087 4143 1200 4225 purget
1215 4135 1316 4205 adhuc

113 4253 150 4316 ut
171 4247 312 4315 fructum
332 4250 405 4334 plus
427 4249 546 4317 afferat.

219 4507 239 4578 ¹)
257 4509 314 4565 cod.
335 4511 426 4564 tanen.
