3172 5202
1296 365 1360 434 123

151 536 277 606 11100101
309 557 410 628 papae
441 541 570 622 stetuta,
603 538 767 626 indignum
800 537 946 606 censebat
976 541 1071 624 atque
1094 536 1209 605 idcirco
1232 536 1286 605 ubi
1307 539 1360 608 ille

152 650 326 719 andiendus
359 649 547 718 adventabat
578 651 643 718 illic
665 670 699 718 se
720 651 789 738 ipse
811 646 1025 730 subtrahebat,
1058 650 1133 717 dum
1155 648 1283 736 inquam
1304 669 1360 735 pro

155 762 257 830 001010
278 762 461 849 praelibatis
478 760 613 849 jamjam
636 761 771 829 Victoris
808 779 881 849 pars
902 760 936 828 in
957 760 1072 828 mentis
1094 763 1219 829 nostrae
1242 762 1361 828 trutina

154 873 277 941 vincere
298 892 336 941 00
358 874 604 961 praeponderare
625 872 785 960 inciperet,
819 893 889 942 ecce
910 873 965 940 alii
987 890 1024 939 00
1045 871 1120 938 1001
1141 889 1282 938 rumores
1304 892 1361 959 per

153 988 256 1053 certos
277 985 486 1054 internuntios
508 985 693 1067 advolitant,
714 985 747 1052 11
770 985 908 1054 occiduis
929 982 1082 1071 partibus,
1105 1000 1201 1069 reguo
1216 983 1362 1052 videlicet

153 1093 313 1177 litandae,
348 1097 473 1164 01011010
495 1097 611 1166 Tolosa
647 1097 839 1166 celebratum
862 1116 930 1165 esse
952 1097 1127 1178 0010111111,
1165 1096 1215 1163 001
1237 1099 1363 1164 centnm

151 1211 300 1294 partes
322 1210 431 1278 inter
445 1211 468 1294 ¹)
492 1211 653 1296 episcopos
675 1210 805 1279 abbates
826 1208 1037 1278 interfuerunt
1058 1226 1120 1274 una
1142 1225 1214 1276 oum
1236 1205 1361 1293 regibus

152 1317 305 1387 Franciae
327 1324 359 1388 et
370 1322 514 1410 Angliae,
538 1335 672 1407 quorum
695 1323 798 1389 studio
820 1322 916 1390 iidem
934 1325 1040 1409 patres
1055 1319 1082 1404 ²)
1104 1321 1266 1388 convocati
1290 1337 1361 1386 oon-

153 1433 317 1512 venerunt,
351 1430 406 1498 nbi
428 1437 460 1500 et
481 1431 653 1514 Octaviani,
688 1451 781 1517 quom
803 1431 964 1499 Victorem
986 1433 1094 1500 dicunt
1115 1431 1262 1522 simulet
1284 1429 1360 1498 Ale·

151 1541 263 1607 randri
284 1541 389 1627 Papae
410 1546 505 1629 atque
519 1543 718 1629 imperatoris
734 1543 861 1630 augusti
883 1543 1034 1611 Friderici
1063 1562 1119 1610 nec
1141 1561 1204 1626 nou
1225 1544 1258 1610 et
1278 1542 1361 1628 regis

151 1652 324 1738 Hispaniae
345 1654 441 1741 legati
462 1654 600 1722 aderant.
638 1656 711 1722 lllic
733 1673 808 1723 saue
830 1656 994 1741 utriusque
1027 1655 1125 1741 partis
1148 1653 1361 1722 defensoribus

151 1762 346 1831 sufficienter
379 1765 494 1832 auditis
529 1764 630 1832 eidem
663 1766 793 1833 00101110
827 1767 955 1834 taudem
977 1766 1010 1832 in
1032 1765 1244 1833 Alexandrum
1278 1784 1362 1832 com·

63 1953 67 1960 ,
149 1874 288 1962 placuit3
324 1873 512 1943 0010010110
534 1894 618 1958 0010,
650 1877 703 1961 qui
725 1879 758 1944 et
779 1877 889 1945 Victor
910 1875 950 1942 ab
972 1878 1116 1944 universo
1138 1877 1266 1944 concilio
1289 1895 1362 1944 cum

150 1986 219 2052 suis
242 1985 469 2073 principalibus
491 1988 707 2057 defensoribus
730 1989 1014 2056 excommunicatus
1037 1990 1094 2056 est.

626 2391 737 2462 Cap.
757 2392 901 2450 an.
983 2410 985 2415 ’

478 2514 682 2585 llesideuinm
705 2517 838 2588 concilii
859 2516 1037 2606 generalis.
1155 2581 1157 2586 .

255 2702 363 2787 Atque
385 2703 508 2769 utinam
541 2705 624 2772 sicut
659 2703 744 2772 idem
765 2705 931 2773 concilium
953 2704 1145 2772 celebratum
1165 2723 1202 2771 ac
1224 2703 1281 2771 teli
1302 2701 1364 2770 dne

155 2813 363 2881 terminatum
385 2817 559 2885 certissime
579 2816 734 2898 novimus,
768 2818 846 2884 item
866 2818 899 2884 in
922 2817 1031 2884 eodem
1064 2815 1193 2883 concilio
1228 2812 1365 2899 quaesti·

154 2942 249 2991 onem
271 2924 309 2991 de
332 2927 576 3012 conspiratione,
611 2947 689 3015 quae
723 2931 868 2998 electioni
889 2930 922 2995 in
943 2927 1157 2995 Alexandrum
1188 2926 1290 2994 factae
1323 2925 1363 2992 ab

153 3035 342 3102 advorsariis
363 3039 554 3124 appingitur,
589 3042 735 3109 canonice
767 3040 923 3108 succisam
958 3041 1137 3107 audiremus
1160 3042 1192 3105 et
1214 3038 1260 3105 sic
1282 3041 1365 3105 esset

155 3146 262 3213 soluta
294 3147 396 3214 omnis
431 3148 584 3218 dubitatio
607 3153 688 3218 inter
710 3153 788 3218 duos
811 3152 883 3218 illos
914 3153 1037 3219 nemine
1058 3152 1221 3238 ignorante
1242 3154 1364 3235 partem

154 3256 324 3325 Alexandri
356 3277 425 3326 esse
456 3243 689 3346 acceptandam,
724 3281 802 3347 qnae
835 3282 908 3330 cnm
940 3265 1023 3329 esset
1056 3280 1075 3328 0
1104 3266 1179 3329 1010
1212 3259 1365 3346 ejusmodi

154 3387 233 3454 pura
255 3369 369 3436 merito
391 3369 488 3437 robur
509 3373 680 3459 acciperet,
711 3393 784 3441 cum
807 3376 845 3440 de
867 3372 985 3458 majore
1006 3392 1136 3441 numero
1159 3373 1364 3441 cardinalium

156 3479 341 3566 eligentium
362 3483 432 3548 tum
453 3481 548 3548 etiam
569 3484 608 3550 de
629 3485 779 3570 legitimis
801 3484 943 3571 personis
966 3485 1179 3552 ordinatorum
1190 3482 1365 3550 accedenti·

155 3590 216 3658 bus
239 3610 364 3678 quoque
385 3593 426 3659 ad
448 3593 514 3678 ejus
537 3596 697 3664 electionis
720 3615 906 3663 consensum
928 3595 1052 3662 sedibus
1075 3595 1255 3682 apostolicis
1278 3593 1364 3662 ride·

156 3702 231 3769 licet
251 3701 448 3770 Antiocheno
470 3709 502 3772 et
522 3707 786 3790 ierosolymitana
819 3706 957 3786 ecclesia,
992 3723 1072 3791 quae
1102 3707 1270 3773 00100010
1291 3721 1364 3772 cum

157 3813 301 3880 Romana
333 3816 521 3901 apostolicas
557 3819 644 3884 sedes
678 3817 772 3883 simul
805 3820 837 3883 et
858 3817 979 3883 litteras
1012 3815 1153 3901 accipere
1184 3817 1365 3881 meruerunt

158 3942 231 3990 enm
264 3927 352 3990 tanta
386 3927 587 3994 multitudine
620 3928 760 4013 capitum
794 3926 941 3992 ecclesiae
963 3942 1000 3992 00
1022 3925 1199 4012 sapientum
1234 3926 1267 3994 in
1295 3925 1364 4011 jam

158 4037 242 4104 dioto
267 4036 399 4103 concilio
422 4043 691 4124 congregatorum.
717 4037 906 4125 Oportuerat
926 4056 1061 4123 namque
1075 4039 1112 4102 ut
1127 4035 1364 4122 conspirationis

156 4147 242 4214 illius
267 4150 375 4213 contra
397 4148 574 4234 imperium,
598 4155 634 4217 ut
656 4151 786 4232 dicitur,
809 4169 865 4235 per
885 4150 1050 4235 pecuniam
1072 4147 1168 4216 Siculi
1190 4151 1221 4215 et
1243 4147 1365 4215 Medio·

265 4368 285 4439 ¹)
302 4371 340 4422 sio
359 4369 451 4426 codex.

264 4470 284 4538 ²)
306 4469 362 4524 cod.
383 4468 452 4524 idem
471 4470 565 4536 partes.
