3172 5202
1302 413 1344 477 97

136 599 231 648 οιιιιιι
245 579 357 667 templi
371 582 404 645 et
418 576 570 662 oujusque
584 577 686 661 operis
708 581 740 644 ιι
761 576 871 645 heeo
892 579 1062 661 omniu,
1083 579 1195 665 inquit,
1218 599 1343 649 vene·

136 688 929 778 runteoriptemunuDominiedme‚
952 691 1343 776 utintelligerem

134 805 358 872 universe
394 818 531 888 opere
565 801 902 886 exemplarie.¹)
945 802 1035 885 Quod
1066 800 1156 868 illum
1190 805 1344 872 dicentem

134 935 211 984 oum
231 916 367 1002 legimus
390 915 439 980 vel
460 910 647 992 audivimus
680 912 832 997 numquid
865 913 924 980 tibi
945 932 1008 979 non
1031 932 1103 980 eum
1125 933 1248 1001 quoque
1270 935 1343 982 oum

134 1029 222 1094 esset
242 1026 398 1113 prophete
419 1022 601 1110 hujusmodi
621 1023 832 1090 ostensionem
854 1025 969 1092 vidisse
983 1022 1180 1106 arbitremur,
1203 1028 1240 1092 ut
1260 1025 1344 1093 dioe-

134 1143 224 1206 retur
245 1139 274 1206 ei
296 1137 451 1224 quomodo
485 1135 606 1202 dietum
638 1138 688 1202 est
709 1138 741 1202 et
762 1137 866 1222 Moysi
898 1139 937 1205 de
970 1137 1169 1205 tebemeoulo
1202 1135 1342 1204 faciendo

136 1250 341 1337 „inspice
374 1251 417 1316 et
449 1248 521 1315 feo
554 1248 1073 1334 seeundumexemplar‚
1111 1250 1226 1335 quod
1249 1248 1342 1316 tibi

131 1363 350 1428 inmonte
383 1357 730 1445 monstramus
765 1359 913 1428 Salomon
947 1378 1070 1446 quoque
1102 1377 1214 1427 eurum
1237 1362 1341 1427 eter-

131 1475 266 1560 gentum
286 1490 350 1538 non
372 1489 408 1537 ex
428 1470 547 1556 rapinis
571 1470 627 1538 sed
647 1489 683 1537 ex
703 1471 763 1538 Dei
785 1473 866 1538 dono
888 1471 1008 1540 hebuit.
1038 1471 1202 1557 Numquid
1224 1469 1341 1537 talibus

131 1601 171 1650 ee
192 1583 291 1650 tantis
314 1581 455 1648 Herodes
476 1579 590 1648 nebulo
614 1601 683 1649 rese
701 1581 841 1650 oonserre
863 1583 1000 1652 debuit?
1031 1583 1211 1652 Voluntatis
1234 1585 1341 1650 temen

131 1696 194 1762 Dei
214 1695 286 1778 fuit,
320 1696 356 1759 ut
377 1695 532 1779 templum
563 1694 642 1761 illud
669 1695 887 1761 munufactum
917 1697 967 1762 uel
988 1715 1045 1782 per
1066 1695 1162 1762 talem
1182 1695 1340 1760 hominem

128 1807 165 1872 in
186 1806 352 1890 antiquum
386 1808 506 1872 sutum
536 1807 757 1890 perduceretur
788 1809 861 1873 ente
890 1807 1059 1873 adventum
1092 1805 1158 1890 ejnr
1182 1807 1215 1870 in
1238 1823 1339 1885 carne,

130 1921 285 2004 quotenus
318 1917 386 2003 ipse
407 1917 555 2001 paruulus
577 1916 721 1984 menibus
754 1923 921 2003 parentum
953 1935 990 1984 uo
1012 1916 1141 2002 virginis
1175 1916 1286 1982 metris
1307 1917 1341 1981 in

129 2031 249 2115 templo
271 2047 334 2096 non
349 2029 511 2094 dimidiato
531 2030 585 2095 sed
599 2027 738 2115 perfecie
753 2047 791 2094 eo
806 2029 954 2095 divinitus
977 2028 1140 2095 institutae
1162 2026 1336 2093 altitudinis

130 2140 307 2221 offerretur,
322 2141 453 2226 implete
469 2158 590 2226 quoque
604 2141 770 2227 prophetie
784 2139 953 2207 Zuoheriue
976 2140 1107 2206 dicentis
1131 2137 1293 2223 quonia
1304 2157 1337 2202 m

128 2250 1204 2338 mojoreritgloriedomushujusnouiesimue
1230 2251 1335 2335 plus

128 2379 262 2446 quum
283 2362 427 2447 prime
440 2381 466 2429 e.
483 2361 508 2450 ι)
541 2364 627 2447 Quae
648 2367 755 2429 temen
776 2363 877 2448 glorie
898 2380 961 2428 non
982 2361 1016 2427 in
1037 2381 1073 2427 ιο
1097 2363 1254 2446 complete
1275 2365 1333 2441 est,

127 2471 214 2555 qnod
242 2472 384 2540 Herodes
405 2473 549 2541 funestus
573 2475 703 2539 eandem
725 2475 855 2540 domum
876 2473 908 2538 in
930 2472 1096 2556 antiquum
1119 2476 1238 2539 ιιιιιιιιι
1261 2493 1331 2558 per-

128 2583 227 2665 duxit,
260 2585 315 2650 sed
338 2585 413 2668 quie
434 2587 578 2653 dominus
611 2584 785 2670 majestatis
807 2586 840 2650 in
863 2585 971 2650 eodem
993 2585 1110 2669 templo
1133 2582 1256 2649 oblutus
1280 2582 1331 2662 sit,

127 2712 191 2776 qm
211 2695 314 2780 glorie
334 2696 436 2784 major
455 2698 539 2764 illius
562 2697 674 2783 templi
697 2717 766 2763 esse
787 2715 850 2762 non
872 2695 976 2780 potnit
997 2696 1035 2761 de
1057 2712 1119 2780 quo
1135 2699 1242 2761 sunoto
1258 2714 1331 2778 pro·

126 2804 252 2889 photiae
275 2806 398 2892 spiritui
421 2827 495 2874 oure
516 2828 585 2876 esse
606 2808 756 2876 debuerit.
780 2807 814 2875 si
832 2808 923 2890 enim,
947 2810 984 2873 ιιι
997 2808 1159 2893 apostolus
1182 2809 1326 2884 testatur,

126 2917 177 2980 de
200 2915 367 3000 bubus,
400 2920 545 2987 videlieet
574 2895 728 3004 quantum
760 2921 800 2985 ed
836 2920 990 2986 mliorem
1025 2917 1203 3004 praesepti,
1237 2917 1327 2984 Deo

127 3046 239 3096 oure
253 3029 278 3112 ⁴)
299 3048 363 3096 non
384 3034 433 3097 est
454 3050 511 3098 neo
533 3051 602 3097 esse
616 3030 718 3112 debet,
742 3030 975 3114 quantominus
992 3030 1029 3096 de
1048 3027 1214 3116 lapidibus,
1238 3025 1332 3093 rebus

126 3143 275 3210 videlieet
300 3142 491 3223 inanimatis,
525 3144 565 3209 ed
589 3161 682 3227 quem
704 3160 883 3208 mensurum
906 3143 1166 3227 oomponerentnr
1187 3138 1256 3205 Deo
1280 3138 1329 3204 vel

127 3257 238 3322 saneto
262 3253 391 3338 Spiritui
413 3243 593 3338 prophetiae
615 3273 689 3322 oure
711 3274 779 3320 esse
801 3253 919 3334 debuit,
948 3256 986 3320 nt
1007 3271 1044 3318 ιιι
1066 3269 1174 3318 eorum
1195 3248 1333 3316 molibus

127 3368 177 3433 vel
200 3365 370 3450 magnifiee
388 3366 547 3432 structure
568 3366 702 3452 glorium
724 3368 836 3432 domus
852 3382 926 3432 suue
940 3363 1122 3430 aestimaret
1136 3361 1197 3429 nisi
1211 3363 1330 3444 myste-

127 3478 250 3543 riomm
283 3476 363 3542 ratio
386 3476 481 3562 digne
501 3477 567 3543 Deo
600 3477 803 3562 praeripienti
827 3475 1028 3541 sublateret?
1071 3472 1155 3540 Nem
1178 3471 1260 3556 qudo,
1296 3473 1332 3536 ut

121 3587 317 3671 jamdictus
340 3581 1333 3673 testotnrepostolus‚nonpriusqnodspirituele

125 3701 220 3779 est,
245 3697 686 3782 sedquodonimule‚
710 3697 874 3763 deinde
898 3693 1334 3780 quodrpirituew)

124 3829 191 3878 non
213 3808 282 3876 sine
303 3827 397 3877 oense
419 3809 557 3891 domum,
588 3807 621 3875 in
643 3825 703 3894 que
725 3808 791 3893 ipse
814 3806 918 3874 offerri
939 3807 1048 3893 voluit,
1071 3806 1172 3892 primo
1195 3825 1250 3889 per
1273 3804 1333 3874 Se·

233 4097 251 4169 ¹)
270 4100 291 4154 1.
311 4100 399 4158 Perel.
418 4099 462 4156 28.
483 4100 525 4155 19.

232 4199 252 4270 ¹)
270 4201 355 4255 Exod.
375 4199 419 4256 25.
437 4198 482 4256 40.

231 4298 252 4368 ⁸)
270 4299 392 4368 Aggasus
410 4298 436 4354 2.
458 4298 501 4354 10.

231 4395 252 4467 ⁴)
270 4398 291 4452 1.
313 4396 368 4452 Gon.
389 4399 416 4451 9.
437 4397 462 4452 9.

234 4495 252 4566 ³)
270 4497 291 4552 1.
312 4495 368 4553 Gor.
390 4497 432 4552 15.
452 4495 497 4552 46.
