3172 5202
192 407 255 474 152

191 579 341 666 spicimus
357 578 389 642 et
402 577 517 664 ubique
538 593 667 660 regnare
688 576 839 657 videmus,
855 571 1024 643 ambitione
1046 572 1142 641 nimia
1166 577 1277 642 cuncta
1301 575 1394 642 deva·

191 693 304 772 stante,
326 691 456 756 auaritia
476 709 554 775 pene
576 688 720 755 uniuersa
740 688 876 772 reposita
898 687 983 753 intus
1006 687 1038 752 in
1061 685 1200 752 ecclesiis
1216 687 1394 767 devorante,

192 795 277 888 qdia·
297 799 350 868 ubi
371 802 445 869 licet
465 801 577 881 vivere,
612 799 689 866 libet
710 799 805 864 etiam
824 797 957 876 ambire;
994 798 1075 863 unde
1098 802 1173 864 tunc
1195 797 1307 864 merito
1328 797 1394 878 fiet,

192 917 237 994 ui,
252 914 323 999 quia
345 931 407 978 non
427 910 535 978 licebit
557 910 776 998 diversatum
798 929 860 974 non
881 907 977 974 libeat
998 909 1127 976 ambire.
1151 909 1210 978 Sed
1231 928 1394 995 quousque

194 1025 384 1091 consiliarios
400 1025 477 1089 istos
493 1023 658 1107 pessimos,
681 1021 845 1088 avaritiam
860 1021 929 1086 dico
946 1024 978 1085 et
993 1020 1181 1106 superbiam,
1203 1025 1395 1106 persequor?

192 1135 286 1217 Nam,
309 1135 349 1201 ab
372 1135 448 1201 urbe
469 1135 569 1201 Roma
592 1133 708 1200 bestias
730 1133 787 1198 hae
811 1134 1024 1218 persequendo
1040 1133 1138 1218 coepi,
1161 1133 1397 1217 Jerosolymam

193 1247 339 1313 devectus
374 1265 443 1311 surm
480 1264 666 1329 rursumque
704 1243 743 1310 ab
777 1245 984 1329 ierosolymis
1017 1244 1152 1312 Romam
1184 1246 1311 1311 relatus.
1357 1247 1400 1311 Et

193 1361 377 1442 putaveram
413 1377 464 1423 me
503 1357 707 1440 Jerosolymis
754 1374 848 1421 unam
893 1356 993 1422 solam
1029 1354 1165 1422 bestiam
1198 1358 1400 1442 reperturum

193 1469 367 1552 avaritiam,
401 1447 509 1535 contra
546 1487 641 1554 quem
674 1471 757 1534 esset
780 1467 1007 1547 dimicandum,
1040 1468 1094 1534 sed
1127 1485 1198 1534 ecce
1220 1467 1315 1535 etiam
1334 1469 1400 1536 illic

194 1582 255 1647 ulia
293 1579 416 1648 socialis
446 1580 556 1661 boetia,
591 1581 734 1647 videlicet
763 1580 919 1666 superbia,
957 1582 1162 1664 reperisset,
1197 1596 1290 1663 quarn
1324 1582 1399 1646 dum

195 1694 282 1776 sequi
318 1692 490 1776 coepissem
525 1692 565 1757 ad
597 1696 737 1758 montem
773 1693 936 1775 Libanum,
973 1695 1013 1760 ad
1038 1689 1252 1761 Romanorum
1291 1697 1400 1761 aucto·

197 1804 333 1886 ritatem,
358 1803 507 1888 confugit,
532 1805 587 1871 sed
608 1805 675 1872 Deo
698 1784 821 1871 iouente
841 1825 898 1873 nec
919 1806 984 1872 illic
1007 1809 1075 1873 tuta
1097 1804 1166 1886 erit,
1190 1806 1400 1872 comminante

195 1915 223 1979 ei
260 1914 380 1998 Spiritu
417 1919 525 1980 sancto
561 1934 618 2000 per
654 1935 688 1982 os
725 1915 894 2002 prophetae
929 1917 1047 1984 David:
1085 1917 1185 2001 Quia
1213 1935 1333 2000 neque
1355 1914 1401 1982 ab

198 2028 349 2095 oriente
371 2044 493 2110 neque
516 2024 565 2091 ab
588 2025 795 2092 occidente
814 2045 940 2110 neque
962 2043 981 2089 a
1003 2025 1174 2092 desertis
1197 2021 1401 2091 montibus

196 2140 363 2206 eritloeus
386 2138 508 2224 refugii,
544 2139 728 2223 quoniam
749 2140 855 2208 Deus
873 2139 1000 2224 judex
1022 2137 1122 2222 eot.¹)
1166 2137 1262 2205 Visne
1283 2134 1402 2203 bestias

195 2252 279 2336 ipsas
314 2251 353 2316 ed
385 2251 489 2317 lucem
519 2251 701 2336 producam,
736 2255 771 2317 ut
804 2250 899 2319 iacies
933 2269 1041 2318 earum
1073 2250 1113 2316 ad
1136 2251 1235 2316 solem
1257 2248 1363 2317 videas
1378 2249 1403 2329 2)

198 2381 352 2448 quamque
375 2362 523 2430 ecclesiae
544 2362 603 2428 Dei
636 2362 730 2428 simul
752 2367 784 2430 et
807 2363 875 2430 orbi
905 2364 1026 2430 cladem
1056 2361 1198 2429 intulerit
1219 2363 1402 2446 agnoscas?

197 2476 364 2542 Sedunum
380 2493 496 2556 earum,
513 2473 677 2540 avaritiam
693 2474 845 2556 videlicet,
864 2475 933 2560 jam
948 2474 1075 2552 vidisti;
1098 2475 1195 2542 immo
1218 2493 1291 2546 vero
1314 2477 1401 2542 totus

198 2587 281 2654 orbis
304 2587 383 2654 vidit
404 2591 436 2654 et
457 2586 595 2672 agnovit,
630 2604 724 2671 quam
747 2586 775 2650 ei
797 2587 919 2652 cladem
941 2585 1134 2671 expeditione
1156 2586 1211 2653 illa
1232 2586 1402 2653 mendaciis

197 2701 389 2771 emendicata
407 2699 557 2780 intulerit,
573 2697 597 2780 ³)
619 2717 676 2764 nos
699 2715 821 2782 quoquo
843 2715 938 2782 supra
960 2697 993 2763 in
1017 2696 1102 2764 brevi
1124 2698 1226 2782 magis
1249 2698 1402 2782 peretrin-

197 2815 298 2880 nimus
331 2831 426 2897 quam
460 2812 657 2897 digessimus.
702 2809 871 2877 Videamus
902 2828 975 2877 vero
998 2811 1094 2876 etiam
1115 2810 1217 2876 adhue
1240 2811 1403 2894 quaedem,

198 2941 277 3009 quae
310 2942 404 3008 super
436 2925 544 2988 eadem
578 2920 756 2988 calamitate
788 2921 892 2986 minus
914 2938 933 2984 a
954 2919 1044 2988 uobis
1073 2920 1158 2988 dicte
1180 2923 1264 2987 sunt.
1308 2919 1403 3001 Nem,

199 3036 272 3119 quia
294 3033 510 3101 calamitatum
532 3034 679 3099 ecclesiae
701 3033 760 3098 Dei
782 3031 821 3098 ab
838 3033 960 3099 exordio
976 3033 1136 3102 illatarum
1151 3034 1213 3100 ista
1230 3034 1404 3101 multorum

199 3166 235 3213 ac
257 3163 445 3230 magnorum
466 3144 607 3210 virorum
624 3143 741 3228 judicio
765 3145 901 3211 maxima
924 3146 975 3228 sit,
1000 3143 1077 3212 libet
1099 3162 1169 3211 eam
1190 3143 1405 3230 ierosolymo-

198 3255 344 3324 rumille
367 3255 490 3321 famoso
514 3253 630 3320 excidio
652 3274 709 3340 per
731 3255 838 3323 Titum
854 3261 885 3324 et
896 3257 1125 3343 Vespasianum
1146 3255 1229 3322 facto
1253 3256 1403 3337 conferre,

199 3373 236 3435 ut
259 3388 295 3436 er
322 3367 488 3434 collatione
521 3366 671 3432 similium
693 3365 902 3434 tribulationis
925 3367 1064 3452 ejusdem
1086 3369 1207 3455 pondus
1231 3367 1404 3453 expressius

199 3482 397 3564 agnoscatur.
419 3476 503 3543 Nam
524 3477 587 3543 illic
610 3478 650 3544 ad
671 3478 753 3544 diem
775 3477 893 3544 festum
916 3480 1013 3546 totius
1029 3480 1206 3565 provinciae
1221 3477 1314 3546 turba
1330 3497 1405 3544 con·

200 3591 340 3670 fluxemt,
374 3608 452 3674 quae
475 3589 570 3656 simul
590 3591 674 3656 intra
695 3588 851 3656 ambitum
872 3590 1008 3658 civitatis
1031 3590 1191 3657 obsidione
1214 3591 1316 3657 cincta
1338 3592 1401 3656 est:

200 3701 251 3768 hic
275 3721 348 3767 vero
371 3721 407 3767 er
429 3704 495 3768 toto
520 3700 595 3768 orbe
616 3703 786 3768 christiano
810 3701 986 3787 principum
1008 3700 1177 3784 nobilium,
1200 3702 1405 3770 mediocrium

201 3832 238 3880 ac
259 3813 458 3899 poprdarium
481 3813 649 3880 mrdtitudo
672 3814 834 3880 innumera
855 3816 1050 3895 convenerat,
1073 3813 1175 3898 magis
1197 3813 1237 3878 ad
1258 3813 1405 3880 victorias

201 3943 238 3992 ac
261 3925 491 4010 triumphorum
523 3925 674 3992 solemnia
708 3943 765 3991 sua
797 3925 1014 3992 aestimatione
1048 3924 1218 4006 festinans,
1253 3943 1348 4011 quam
1369 3928 1406 3990 ut

203 4035 262 4102 sibi
283 4036 364 4102 ullae
387 4040 495 4121 gentes
511 4036 614 4121 gladic
630 4055 722 4120 posse
736 4037 881 4104 resistere
898 4037 1095 4117 aestimaret;
1118 4038 1173 4103 sed
1192 4034 1306 4118 subito,
1330 4035 1405 4101 dum

305 4317 325 4379 ²)
347 4319 430 4376 ouis
448 4318 623 4369 veritatem
642 4317 767 4369 dixisti
786 4318 982 4374 inimicatus
1001 4323 1049 4373 est
1067 4318 1229 4386 tibipspa
1247 4319 1405 4372 eumenis.

346 4414 388 4469 ul.
404 4429 484 4478 marg.
503 4413 536 4466 ab
556 4431 579 4468 e.
602 4413 679 4468 1526.

304 4513 325 4583 ⁸)
344 4514 401 4568 cod.
421 4513 563 4567 intulerint.
