3168 5190
242 381 300 448 198

238 569 329 618 carne
350 551 457 616 vestiti
478 567 562 615 mors
598 549 671 615 licet
694 549 868 614 innocentis
890 548 971 615 tanti
993 549 1087 635 pretii
1111 552 1167 615 aut
1188 549 1334 634 ponderis
1356 553 1451 636 apud

237 662 339 727 Deum
356 661 480 744 justum
509 661 647 745 jndicem
669 659 791 740 smeret,
814 663 851 725 nt
871 660 969 727 totius
1003 661 1144 728 nocentis
1172 662 1281 728 mundi
1302 663 1450 746 peccatis

237 773 481 858 praeponderare
501 773 660 838 valuisset.
684 772 763 841 Oum
785 772 867 837 enim
890 771 1021 857 quilibet
1052 773 1215 840 hominnm
1238 775 1286 840 vel
1309 775 1447 860 angelo-

238 903 306 948 rnm
340 902 395 967 pro
425 883 551 967 justitia
582 883 791 950 indeficienter
823 885 873 948 vel
908 903 1007 968 usque
1039 887 1078 950 ad
1112 888 1247 952 mortem
1275 885 1451 970 agonizare

239 995 350 1061 debeat
381 996 473 1080 idque
505 995 622 1062 faciens
655 995 714 1061 sibi
737 999 862 1063 tentum
885 998 916 1062 et
937 1016 1000 1062 non
1021 997 1111 1062 alteri
1141 997 1252 1063 merita
1275 995 1450 1080 conquirat

239 1106 463 1191 dicendumque
493 1107 535 1172 sit
557 1108 585 1172 ai
605 1111 678 1190 post
700 1109 804 1174 omnia
825 1107 910 1189 haec,
946 1107 1092 1193 quoniam
1115 1127 1222 1175 servus
1244 1107 1364 1173 inutilis
1388 1108 1449 1188 sit,

240 1233 318 1302 quae
338 1215 431 1283 debui
450 1217 551 1283 facere
572 1214 671 1306 locist)
694 1220 767 1304 quid
789 1223 873 1286 esset
894 1219 977 1303 quod
997 1221 1031 1285 iu
1052 1221 1189 1302 alterius,
1202 1240 1242 1286 ne
1264 1220 1366 1285 dicam
1392 1224 1452 1286 to-

241 1329 303 1395 tius
325 1330 443 1411 muudi,
480 1330 725 1415 redemptionem
761 1330 952 1415 impenderet
988 1350 1060 1396 cum
1095 1329 1155 1398 sibi
1192 1331 1241 1397 rix
1278 1331 1451 1415 utriusque

241 1441 352 1508 merita
375 1442 617 1510 sufficerentur?

754 1831 938 1900 &ww

341 1955 469 2025 Nullum
491 1953 592 2022 luisse
613 1953 713 2022 aliurn
734 1952 861 2022 modum
883 1953 1132 2023 restaurationis
1154 1971 1341 2041 congruum.

344 2141 512 2210 Hominem
532 2159 648 2208 uorum
670 2143 708 2208 de
730 2144 813 2207 terra
834 2142 952 2208 adhoc
974 2161 1051 2226 opus
1067 2146 1230 2210 creasset?
1252 2142 1314 2211 Sed
1337 2145 1453 2212 atille

244 2255 348 2323 divino
370 2254 469 2320 fultus
492 2252 645 2338 adjutorio
676 2254 726 2318 nin
748 2252 808 2319 sibi
829 2255 869 2319 ed
892 2255 1040 2320 standum
1073 2254 1241 2337 sufficeret,
1275 2258 1390 2323 nedum
1412 2261 1455 2324 et

244 2369 347 2451 lapsos
371 2365 530 2432 universos
553 2366 591 2431 de
617 2363 771 2450 profundo
787 2365 908 2445 mortis,
931 2364 1071 2452 principe
1091 2367 1291 2434 tenebrarum
1312 2368 1452 2449 devicto,

240 2479 386 2574 erigeret.
431 2475 496 2544 Sed
519 2478 711 2561 dungalus,
746 2478 890 2562 quoniam
925 2477 1135 2562 corruptibilis
1172 2481 1302 2545 naturae
1324 2479 1454 2546 actrix

248 2592 308 2657 sibi
331 2592 370 2657 ad
394 2591 538 2656 standum
571 2589 703 2655 maxime
735 2608 826 2656 carne
848 2589 1042 2675 corruptibili
1063 2590 1274 2658 circumdatus
1296 2609 1350 2674 per
1371 2608 1455 2674 gra-

246 2703 323 2768 tiam
345 2702 512 2780 sufficeret,
535 2701 649 2767 nedum
664 2702 810 2768 adversas
826 2704 998 2786 potestates
1014 2705 1213 2787 expugnaret.
1235 2702 1312 2768 Dato
1327 2705 1452 2784 autem,

246 2814 330 2900 quod
350 2810 446 2879 fuerit
464 2811 610 2897 possibile
632 2831 687 2896 per
708 2815 854 2898 angelum
875 2814 925 2880 vel
938 2833 995 2900 per
1016 2812 1174 2881 hominem
1195 2815 1316 2881 noviter
1330 2833 1347 2880 e
1361 2817 1454 2880 terra

245 2928 384 2993 creatum
417 2925 661 3008 redemptionem
694 2925 843 3009 compleri
865 2926 919 2991 sed
940 2926 1104 3010 antiquum
1138 2927 1198 2992 Dei
1220 2926 1384 2992 consilium
1404 2926 1454 2993 de

246 3034 463 3102 sublimatione
485 3053 541 3101 seu
561 3036 753 3119 reparatione
774 3037 938 3102 hominum
959 3039 999 3105 ed
1017 3040 1237 3124 aequalitatem
1258 3041 1450 3124 angelorum

247 3167 301 3233 per
319 3146 479 3214 hominem
512 3149 562 3215 vel
594 3149 741 3232 angelum
774 3149 923 3234 compleri
944 3151 1134 3235 valuisset.²)
1178 3151 1340 3234 Quomodo
1362 3151 1454 3218 euim

245 3259 279 3326 in
300 3258 400 3345 gloria
421 3276 479 3344 par
500 3259 618 3344 angelis
638 3263 730 3340 esset,
754 3261 808 3345 qui
828 3263 878 3328 val
898 3261 1056 3328 hominem
1078 3282 1191 3346 purum
1210 3264 1259 3328 uel
1273 3260 1454 3347 quemlibet

247 3373 430 3458 angelorum
452 3371 491 3436 ed
512 3371 615 3438 Deum
648 3372 852 3438 mediatorem
873 3372 1011 3452 haberet,
1042 3374 1131 3459 cnjus
1154 3377 1316 3458 tamquam
1337 3391 1453 3440 servus

248 3481 408 3567 emptitius
431 3483 539 3548 esset?
561 3481 633 3548 Non
651 3482 734 3550 enim
748 3488 920 3568 aequantur
939 3485 972 3550 in
993 3485 1094 3570 gloria
1111 3504 1218 3551 seruus
1235 3487 1267 3550 et
1280 3483 1453 3551 Dominus.

248 3595 323 3662 Jam
344 3612 416 3660 raro
439 3593 498 3660 etsi
520 3593 617 3660 alium
648 3598 773 3682 praeter
795 3582 907 3662 unum*
915 3598 1017 3663 Deum
1049 3597 1143 3662 homo
1166 3596 1392 3679 redemptorem
1414 3600 1455 3661 et

249 3705 418 3772 Dominum
439 3709 682 3791 recognosceret,
717 3709 872 3792 quomodo
906 3707 997 3774 unius
1033 3708 1097 3773 reri
1126 3706 1186 3773 Dei
1208 3710 1241 3772 et
1260 3705 1386 3772 Domini
1407 3723 1454 3771 ac

249 3834 311 3883 non
331 3815 435 3901 potius
457 3819 616 3883 creaturae
638 3819 739 3885 cultor
760 3823 792 3885 et
811 3838 917 3886 seruus
952 3820 1121 3887 existeret?
1143 3819 1257 3885 Essent
1278 3819 1359 3884 enim
1380 3816 1453 3900 jam

250 3929 310 3994 duo
325 3928 477 4014 quaedam
492 3929 644 4015 principia
659 3928 802 4012 hominis,
820 3951 917 3998 unum
932 3932 1107 4012 creationis,
1129 3932 1213 3998 aliud
1235 3929 1454 3998 redemtionis.

250 4041 395 4126 Dumque
425 4039 560 4108 hominis
594 4041 673 4106 alius
706 4045 825 4107 creator
858 4046 952 4127 atque
984 4044 1064 4110 alius
1094 4044 1270 4127 redemptor
1292 4042 1454 4125 existeret,

251 4151 301 4220 cui
322 4152 403 4219 inter
435 4151 492 4218 hos
513 4151 606 4217 homo
629 4151 733 4235 potius
768 4154 923 4219 culturam
956 4153 1081 4222 deberet
1107 4172 1170 4220 non
1192 4153 1283 4221 facile
1305 4157 1455 4221 constare

250 4265 367 4349 posset,
391 4263 521 4331 creatori
544 4263 686 4328 uidelicet
707 4281 748 4329 an
769 4265 983 4350 redemptori?
1027 4265 1106 4334 (lum
1128 4267 1211 4333 enim
1233 4282 1383 4353 magnum
1405 4265 1455 4334 sit

353 4474 895 4551 DmssmeWQW‘
