3168 5214
565 872 676 940 cap.
695 869 906 929 Lxxm.

233 1017 279 1086 De
301 1017 493 1106 duplicitate
523 1037 618 1088 nexus
640 1020 676 1088 in
696 1039 800 1109 regno
822 1040 888 1091 uon
909 1023 1092 1112 incongrua
1112 1026 1232 1116 opinio.

231 1209 274 1276 llt
294 1207 373 1274 haue
396 1225 453 1293 ego
475 1207 539 1275 illic
562 1206 703 1274 existimo
727 1227 856 1274 seruum
871 1207 939 1280 sore
953 1212 1169 1297 duplicitatem
1182 1234 1222 1283 au
1238 1218 1334 1285 etiam

127 1323 194 1389 alia
215 1322 257 1388 sit
278 1339 341 1386 non
362 1319 593 1398 contradicens3
626 1317 715 1401 hauc,
749 1320 886 1405 inquam,
910 1327 946 1388 ut
969 1326 1058 1408 quasi
1077 1326 1111 1392 in
1133 1327 1278 1394 muliebri
1300 1334 1333 1398 et

128 1433 266 1500 molliori
288 1451 362 1498 sexu
384 1432 572 1516 deputentur
594 1431 741 1512 theoriae,
766 1433 890 1516 quaein
904 1435 1113 1504 intellectibus
1128 1443 1331 1524 peraguntur.

127 1547 216 1613 Nam
237 1545 265 1611 si
284 1545 358 1611 licet
378 1543 468 1610 nobis
502 1544 540 1610 de
562 1542 686 1610 futurae
706 1544 790 1609 uitae
811 1545 938 1610 theoriis
962 1548 1132 1614 secuudum
1154 1567 1215 1632 eas,
1254 1569 1332 1634 quae

126 1655 339 1743 inpraesenti
370 1655 435 1720 uita
463 1655 579 1721 sanctis
601 1657 742 1738 expertae
765 1659 847 1735 sunt,
866 1655 1017 1739 judicare,
1040 1658 1171 1741 theoria,
1194 1663 1327 1745 quaein

128 1769 272 1836 sensibus
305 1767 419 1853 agitur,
443 1765 531 1850 quasi
560 1765 705 1832 muliebri
724 1765 835 1831 habitu
857 1767 958 1832 velata
980 1773 1074 1852 caput
1094 1771 1220 1852 incedit,
1254 1775 1330 1839 dum

125 1883 301 1967 imaginum
335 1879 475 1946 obscuris
507 1878 663 1944 interdum
695 1877 972 1962 significationibus
996 1880 1160 1963 obtexitur,
1194 1885 1330 1969 dumque

126 2014 237 2062 sensus
261 1991 438 2077 spirituales
459 1988 598 2074 uirginea
622 1991 755 2073 quadam
770 1991 954 2055 verecundia
973 1993 1012 2057 ad
1035 1995 1182 2060 torrentis
1206 1996 1329 2064 diuinae

124 2106 210 2171 illius
232 2102 401 2187 uoluptatis
431 2101 607 2184 ingressum
629 2098 864 2184 obstupescunt,
898 2100 942 2167 At
964 2121 1036 2169 voro
1060 2102 1217 2171 theoricus
1236 2105 1328 2174 iutel-

122 2219 225 2283 lectus
248 2234 285 2281 er
308 2213 362 2278 tali
384 2216 483 2278 matre
515 2211 707 2278 divinissima
739 2216 832 2278 natus
864 2214 933 2298 ipse
967 2216 1125 2281 masculus
1157 2216 1240 2282 filius
1270 2222 1327 2302 est,

124 2329 180 2413 qui
202 2332 233 2395 et
255 2326 390 2393 revelata
423 2323 502 2389 facie
523 2322 657 2408 gloriam
679 2323 806 2390 Domini
828 2327 1015 2409 speculando
1038 2328 1078 2391 ad
1100 2328 1228 2393 eandem
1249 2329 1330 2395 ima·

122 2439 231 2525 ginem
252 2435 495 2502 transformatur
516 2451 535 2498 a
557 2434 699 2500 claritate
720 2434 753 2499 iu
775 2436 952 2502 claritatem
975 2442 1136 2522 tamquam
1158 2457 1177 2503 a
1199 2440 1328 2506 Domini

124 2550 253 2634 Spiritu.
299 2546 351 2614 Sic
372 2545 520 2612 nimirum
550 2546 594 2611 sic
616 2565 750 2631 puerum
772 2547 883 2614 lesum
912 2567 985 2615 cum
1006 2553 1107 2614 matre
1130 2549 1196 2634 ejus
1219 2552 1251 2616 in
1274 2571 1328 2617 su·

122 2680 219 2746 perna
240 2660 295 2726 illu
316 2656 509 2737 Bethlehem,
544 2676 622 2741 quae
655 2660 766 2724 domus
790 2660 857 2726 veri
879 2660 967 2744 panis
991 2662 1048 2739 est,
1082 2658 1166 2724 intra
1187 2665 1327 2727 nosmet

122 2773 207 2856 ipsos
241 2787 348 2835 omnes
381 2769 446 2834 veri
475 2770 655 2835 adoratores
678 2769 813 2836 cultores
847 2772 1022 2836 salvantem
1044 2787 1101 2834 uos
1123 2769 1325 2856 inveniamus,
1460 2807 1462 2810 ·

122 2901 256 2968 regnum
289 2881 371 2947 enim
393 2881 452 2946 Dei
482 2881 565 2945 intra
597 2899 654 2944 nos
690 2884 746 2963 est,
782 2882 1043 2965 quemadmodum
1076 2900 1159 2947 nunc
1192 2902 1326 2968 puerum

122 2996 235 3061 desum
266 2992 361 3058 etiam
394 3010 451 3076 per
472 2991 611 3077 picturas
634 2989 667 3055 in
688 2991 807 3076 gremio
840 2993 949 3057 matris
984 3011 1107 3058 cernere
1136 2991 1324 3062 christianus

122 3107 296 3173 delectatur
327 3105 473 3188 aspectus
496 3105 527 3169 et
549 3103 631 3168 siout
651 3103 684 3167 in
707 3105 829 3168 terrena
850 3103 1034 3168 Bethlehem
1056 3121 1076 3167 a
1097 3100 1197 3170 tribus
1220 3103 1324 3190 Magis

122 3215 324 3301 corporaliter
345 3216 490 3281 inventus
512 3217 544 3280 et
565 3216 712 3280 adoratus
736 3231 772 3278 ac
794 3213 974 3279 muneribus
997 3213 1138 3297 mysticis
1154 3213 1323 3282 honoratus

121 3332 179 3396 est.
203 3326 273 3392 Nee
293 3345 366 3392 uero
389 3326 627 3392 contradixerim
658 3327 753 3392 etiam
775 3327 894 3392 carneis
918 3327 1015 3392 oculis
1038 3327 1160 3392 visuros
1181 3345 1238 3393 nos
1260 3329 1324 3396 illio

120 3439 294 3506 Dominum
315 3439 426 3504 Jesum
457 3441 651 3523 matremque
673 3438 740 3522 ejus
762 3438 932 3522 gloriosam
955 3437 1033 3503 coeli
1054 3436 1205 3521 reginam,
1225 3439 1322 3506 immo

122 3570 195 3619 uero
219 3567 344 3615 omnem
365 3550 549 3633 angelorum
571 3551 752 3614 sanctorum
773 3551 804 3614 et
825 3548 988 3614 hominum
1009 3546 1188 3614 unanimem
1210 3550 1243 3615 in
1264 3552 1324 3616 Dei

119 3661 266 3730 laudibus
289 3658 427 3740 chorum,
452 3661 506 3726 sed
529 3661 646 3726 eisdem
668 3661 766 3727 oculis
796 3659 971 3726 carnalibus
993 3661 1026 3725 in
1047 3661 1241 3745 spiritualem
1262 3661 1323 3727 uir·

119 3776 223 3839 tutem
245 3775 276 3838 et
298 3791 391 3838 usum
413 3771 625 3852 commutatis,
646 3771 788 3855 qualibus
812 3771 906 3836 etiam
928 3790 1010 3836 nunc
1032 3789 1051 3836 a
1073 3774 1188 3839 sanctis
1203 3773 1322 3858 augelis

119 3884 245 3949 videtur
265 3881 420 3947 Dominus
442 3882 537 3949 Jesus
559 3881 681 3965 ipsique
704 3901 737 3947 se
759 3882 891 3948 inuicem
913 3887 1024 3949 mutuo
1047 3885 1241 3951 contuentur.
1274 3882 1323 3948 Da

118 4011 256 4078 quorum
277 4011 425 4059 sensuum
446 4011 502 4058 seu
518 4010 684 4077 corporum
707 3993 917 4077 spirituahum
929 3995 1088 4078 qualitate,
1112 3993 1251 4078 potentia
1272 3994 1321 4058 vel

117 4103 222 4189 gratia
243 4107 386 4170 nostrum
407 4104 567 4191 disputare
588 4121 625 4169 ac
647 4103 782 4169 diffinire
803 4123 865 4170 non
888 4107 946 4184 est,
959 4123 994 4171 eo
1018 4106 1100 4190 quod
1122 4105 1226 4170 nullus
1251 4122 1322 4169 sen·

118 4236 173 4282 sus
196 4216 247 4282 uel
267 4215 453 4297 intellectus,
484 4215 632 4302 quamdiu
652 4214 686 4281 in
708 4215 866 4301 praesenti
888 4214 1005 4282 vivitur
1026 4216 1100 4299 vita,
1123 4234 1232 4303 capere
1254 4216 1322 4281 ido·

117 4345 195 4394 neus
219 4327 271 4411 eit,
294 4328 556 4413 quemadmodum
575 4327 697 4394 divinus
720 4329 860 4413 loquitur
881 4327 979 4394 Isaiae
1002 4325 1129 4396 dicens:
1170 4326 1320 4395 Oculus

118 4458 195 4507 nou
218 4439 321 4506 vidit
342 4439 490 4525 absque
512 4440 685 4520 teDeus,
709 4457 810 4523 quae
833 4441 1090 4525 praeparasti
1112 4441 1321 4526 diligenti·
