3158 5212
1282 394 1323 462 57

126 567 269 650 captivus
303 570 477 651 teneretur,
512 569 566 635 sed
598 569 670 634 inde
701 587 772 633 eum
805 568 908 634 dirim
941 568 1105 634 clementia
1138 568 1250 654 eripuit
1270 588 1325 654 per

125 695 257 744 manum
289 679 449 764 Rudperti,
487 682 692 764 cognomento
716 677 900 758 wischardi,
934 697 1048 764 magna
1080 679 1206 763 regione
1239 679 1324 746 urbis

126 791 268 857 incendio
301 791 492 877 conflagrata
523 789 663 873 turrique
693 789 820 855 interim
841 793 1015 875 expugnata
1037 790 1111 856 dum
1133 793 1263 875 populus
1286 792 1326 856 ad

125 902 269 968 incendia
290 901 440 968 festinans
461 902 526 968 illic
548 904 715 984 occupatus
738 902 903 966 teneretur.
928 902 1036 986 Itaque
1057 902 1191 967 Domino
1214 920 1326 988 coope-

21 1025 25 1033 ·
126 1016 216 1079 rante
236 1011 386 1079 liberatus
408 1012 441 1077 in
460 1013 625 1078 Franciam
646 1012 737 1077 rediit
770 1011 875 1095 ibique
911 1012 1100 1080 confidenter
1121 1031 1225 1099 agens,
1248 1032 1326 1099 quae

122 1126 288 1209 apostolici
302 1125 328 1212 ¹)
351 1128 439 1191 erant
451 1123 782 1190 olliciiinHeinricum
803 1124 1129 1190 excommunicationis
1141 1125 1327 1190 sententiam

124 1241 264 1318 renovat,
298 1238 411 1304 litteris
434 1240 465 1303 et
486 1234 694 1321 legationibus
727 1234 833 1301 fideles
867 1235 907 1300 ad
941 1236 1089 1300 standum
1120 1238 1151 1301 et
1172 1237 1326 1319 agendum

123 1367 181 1433 pro
205 1348 334 1415 ecclesia
357 1349 520 1415 confortat.
564 1348 653 1431 Ipsos
676 1363 810 1431 namque
831 1346 1040 1432 Francigenas
1055 1348 1080 1429 2)
1111 1348 1192 1413 inter
1215 1367 1247 1414 se
1270 1369 1325 1433 pro

124 1459 217 1527 terris
240 1463 271 1524 et
293 1461 422 1526 terrenis
443 1461 602 1545 litigantes
624 1459 664 1522 ad
685 1475 794 1541 pacem
816 1461 941 1524 revocat
956 1459 1089 1524 suadens
1102 1459 1146 1524 eis
1162 1462 1192 1524 et
1208 1461 1325 1528 urbano

124 1572 282 1637 intereos
305 1587 357 1635 ore
376 1588 533 1654 perorans,
558 1573 593 1636 ut
616 1570 643 1636 si
665 1571 709 1636 eis
733 1571 833 1636 otium
844 1571 1021 1655 displiceret
1043 1589 1079 1637 ac
1101 1574 1182 1638 terra
1204 1574 1328 1656 propria

125 1684 260 1766 angusta
283 1680 438 1747 videretur
459 1683 499 1747 ad
520 1683 618 1748 terras
642 1681 769 1747 orientis
792 1683 1012 1748 contenderent
1033 1681 1138 1767 ibique
1152 1701 1207 1766 pro
1223 1703 1329 1768 recep·

125 1793 211 1859 tione
244 1796 370 1859 sanctae
403 1793 537 1859 civitatis
568 1811 605 1859 ac
628 1793 784 1877 sepulchri
806 1792 931 1859 Domini
968 1794 1005 1858 de
1039 1812 1134 1859 manu
1165 1794 1329 1878 gentilium

126 1904 284 1988 ereptione
307 1905 494 1988 satagerent,
526 1903 581 1969 ubi
610 1904 654 1970 eis
677 1908 732 1970 aut
753 1891 887 1988 gloriose
911 1923 982 1970 cum
999 1902 1026 1990 8)
1063 1905 1195 1971 Domino
1219 1907 1330 1972 trium-

126 2014 224 2098 phare
246 2015 440 2100 contingeret
462 2018 517 2080 aut
532 2015 697 2099 gloriosius
713 2018 796 2080 esset
810 2016 890 2080 mori
904 2034 960 2099 pro
981 2015 1104 2084 Christo
1126 2016 1291 2102 felicesque
1302 2016 1329 2102 4)

126 2123 203 2206 fore,
228 2125 282 2209 qui
303 2128 358 2190 aut
380 2125 504 2194 Christo
528 2125 685 2191 vincerent
707 2129 762 2191 aut
785 2145 841 2210 pro
865 2126 988 2194 Christo
1010 2125 1245 2212 morerentur.⁵)
1289 2129 1330 2194 ut

126 2235 260 2303 verbum
275 2235 342 2320 ejus
357 2237 396 2301 ad
411 2236 574 2302 victoriam
589 2236 739 2321 pervenit,
759 2237 893 2304 Domino
910 2243 1094 2323 cooperante
1109 2241 1141 2305 et
1155 2257 1330 2305 sermonem

127 2347 254 2414 effectui
286 2347 482 2432 mancipante
516 2347 715 2432 sequentibus
748 2348 845 2432 signis
869 2353 901 2414 et
922 2349 1140 2434 adjuvantibus
1162 2348 1330 2415 virtutibus

126 2457 279 2543 angelicis
302 2459 405 2542 atque,
428 2462 464 2524 ut
486 2477 580 2544 supra
601 2460 721 2526 dictum
743 2463 807 2545 est,
830 2459 992 2527 visibiliter
1013 2461 1219 2545 praesentiam
1241 2478 1332 2526 suam

128 2569 358 2637 exhibentibus.

230 2682 269 2747 ln
291 2679 379 2747 Urbe
401 2700 473 2748 vero
496 2679 687 2766 wigbertus,
726 2700 818 2766 quem
853 2679 1043 2749 Clementem
1065 2682 1219 2765 dicebant,
1254 2683 1330 2750 satis

128 2790 244 2877 agebat
266 2811 322 2876 pro
344 2795 447 2858 sectae
482 2811 557 2858 suae
577 2791 694 2876 pariter
715 2809 751 2857 ac
774 2791 990 2859 Heinricianae
1023 2793 1195 2878 tyrannidis
1217 2793 1330 2878 princi-

128 2908 207 2989 patu
226 2904 371 2970 exhibens
386 2903 536 2970 nimirum
554 2923 587 2970 se
601 2905 705 2987 ipsum
721 2922 826 2970 veram
842 2903 1080 2971 abominationis
1097 2906 1329 2987 desolationem,

129 3017 169 3081 de
192 3033 254 3100 qua
276 3014 365 3081 nobis
397 3035 480 3081 nunc
513 3033 615 3081 sermo
651 3019 708 3095 est,
744 3018 879 3080 stantem
902 3015 934 3079 in
953 3017 1022 3082 loco
1044 3020 1161 3098 sancto,
1194 3018 1227 3083 in
1259 3017 1331 3084 sede

128 3126 276 3193 videlicet
296 3127 380 3194 beati
402 3127 490 3192 Petri
509 3126 711 3192 simulacrum
733 3124 894 3191 Pontificis
917 3125 1054 3192 residens
1078 3125 1330 3196 abominandum.

129 3237 234 3324 Super
257 3256 318 3323 qua
338 3257 372 3304 re
393 3238 519 3323 quidam
553 3236 642 3321 quasi
663 3236 779 3321 dialogi
801 3236 902 3320 specie
923 3237 1108 3304 scholastice
1129 3240 1207 3306 lusit
1229 3238 1330 3307 verbis

129 3349 298 3416 amborum
320 3341 545 3416 alternantibus
566 3348 625 3414 hoc
647 3348 755 3413 modo:

233 3460 354 3528 Diceris
376 3461 531 3542 Urbanus,
554 3459 690 3526 cumeis
713 3459 869 3544 projectus
892 3451 1039 3528 chorbe

233 3571 292 3638 Vel
313 3573 402 3636 muta
423 3589 536 3638 nomen
559 3573 608 3639 rel
629 3572 813 3657 regrediaris
835 3573 868 3638 in
889 3572 1016 3639 Urbem.

234 3681 334 3748 Item:
1003 3769 1006 3776 Ι

234 3791 357 3859 Nomen
378 3793 473 3861 habes
497 3793 648 3877 Clemens,
671 3796 726 3861 sed
747 3795 882 3862 clemens
904 3814 966 3861 non
988 3799 1076 3880 potes
1099 3814 1166 3865 esse

236 3905 315 3974 Cum
337 3904 396 3972 tibi
417 3906 555 3974 solvendi
578 3907 620 3973 sit
640 3906 755 3973 tradita
776 3907 861 3974 nulla
882 3910 1030 3991 potestas.

239 4141 259 4212 ¹)
276 4142 333 4197 cod.
353 4139 498 4209 apostolica.

237 4240 257 4308 ¹)
277 4240 336 4296 cod.
354 4237 507 4292 fronciones.

236 4338 259 4410 ⁸)
277 4340 351 4394 deest
369 4354 438 4391 cum
456 4340 483 4390 in
502 4337 606 4402 codice;
626 4338 744 4392 Gretser:
764 4336 866 4390 domino
884 4337 997 4391 dante.

237 4435 259 4507 ⁴)
278 4437 336 4495 eod.
355 4436 494 4504 ilicesque.

238 4534 258 4607 ⁸)
274 4537 347 4591 llaec
365 4536 445 4591 rerba
465 4538 541 4591 etism
559 4536 620 4590 ride
635 4538 662 4589 iu
681 4535 772 4592 Ghron.
792 4536 944 4594 Reichersb.
963 4538 1005 4592 ad.
1024 4553 1048 4592 a.
1069 4533 1148 4592 1092.
