3158 5212
292 413 333 477 12
694 447 701 492 p

290 585 425 667 paratis,
449 605 533 668 quae
567 589 681 651 eontra
703 582 874 667 imperium
897 581 1055 664 sacrilege
1079 583 1282 666 conspirasse
1306 582 1499 649 dicebantur

292 695 325 752 et
346 689 428 754 nulli
449 690 635 755 mortalium
669 688 753 754 velle
776 707 874 772 super
899 684 951 750 his
973 686 1133 751 rationem
1159 686 1305 769 reddere,
1330 694 1499 770 tamquam

291 793 353 858 soli
386 795 476 859 coelo
499 793 655 859 debentes
688 794 916 872 innocentiam,
940 790 1168 857 accedentibus
1202 812 1329 874 quoque
1366 793 1400 856 in
1423 813 1499 857 oon·

291 916 420 962 sensum
443 898 610 964 electionis
643 898 678 963 in
699 896 923 964 Alexandrum
956 895 1063 961 factae
1098 895 1231 962 sedibus
1252 897 1441 981 apostolicis
1464 897 1500 962 id

291 1007 341 1067 est
359 1003 641 1086 jerosolymitana,
665 1005 698 1068 in
722 1024 787 1086 qua
808 1001 894 1068 sedit
916 999 1059 1066 Jacobus
1081 999 1271 1083 Apostolus,
1294 1001 1500 1066 Antiocheno

291 1125 428 1188 quoque,
463 1107 497 1172 in
527 1128 591 1190 qua
623 1103 728 1193 primo
762 1106 847 1171 sedit
880 1104 996 1171 beatus
1030 1104 1154 1188 Petrus,
1179 1127 1263 1189 quae
1286 1113 1320 1173 et
1341 1112 1501 1188 utraeque

291 1211 447 1275 ecclesiae
464 1212 591 1278 litteras
607 1212 804 1296 apostolicas
820 1220 1015 1292 meruerunt,
1039 1218 1172 1277 sanctae
1189 1231 1317 1295 quoque
1332 1213 1501 1277 Romanae

290 1314 447 1380 ecelesiae
468 1316 592 1398 majore
615 1323 648 1381 et
669 1315 795 1400 potiore
817 1312 1029 1379 cardinalium
1052 1333 1197 1396 numero,
1221 1316 1324 1382 tribus
1346 1314 1501 1382 videlicet

292 1419 397 1483 solum
417 1421 572 1504 exceptis,
596 1422 631 1485 in
642 1419 789 1485 eiusdem
804 1417 983 1483 Alexandri
1006 1419 1197 1484 electionem
1213 1419 1499 1499 consentientibus,

292 1541 388 1604 quem
410 1522 563 1590 videlicet
597 1525 800 1590 dominorum
824 1521 1051 1588 Cardinalium
1078 1531 1205 1589 coetum
1234 1544 1294 1590 nos
1316 1525 1499 1590 Romanam

292 1627 461 1692 eeclesiam
472 1627 701 1712 intelligimus:
717 1628 777 1710 his,
794 1629 935 1709 inquam,
953 1626 1128 1693 declaratis
1139 1629 1210 1712 jam
1226 1628 1312 1694 ultra
1328 1625 1501 1694 dubitandi

291 1731 382 1797 locus
403 1753 469 1797 non
495 1738 554 1815 est,
571 1737 649 1818 quin
659 1734 688 1798 is
703 1753 762 1817 pro
775 1733 867 1816 Papa
882 1730 1029 1816 legitimo
1044 1732 1213 1816 habeatur,
1230 1753 1325 1816 quem
1337 1739 1371 1798 et
1383 1732 1500 1798 electio

293 1836 448 1902 canonica
460 1843 493 1902 et
505 1837 704 1903 consecratio
720 1857 830 1902 eorum
846 1836 1033 1920 pontificum
1049 1837 1083 1902 in
1094 1837 1204 1904 sedem
1221 1838 1310 1904 beati
1320 1835 1408 1924 Fetri
1424 1855 1500 1920 pro·
1543 1913 1548 1943 ἱ

292 1940 403 2022 movit,
427 1961 562 2024 quorum
585 1941 620 2006 id
638 1942 722 2026 juris
744 1940 844 2006 fuisse
868 1941 1022 2022 antiquae
1045 1941 1213 2007 Romanae
1229 1939 1385 2007 ecclesiae
1401 1941 1501 2026 juxta
1544 1946 1555 1994 te

292 2063 413 2109 morem
436 2045 555 2130 probat
577 2045 749 2112 institutio.
794 2045 838 2110 Et
859 2044 940 2110 haec
962 2044 1098 2112 dicimus
1131 2053 1262 2112 nostrae
1286 2045 1501 2112 dubitationis
1547 2060 1561 2102 .:

293 2149 448 2233 ambages
481 2157 654 2217 excusatas
677 2170 749 2216 esse
771 2147 976 2236 cupientes.¹)
1021 2151 1106 2215 Nam
1129 2150 1203 2217 linis
1225 2148 1380 2233 loquendi
1405 2148 1500 2214 audi·
1547 2167 1561 2230 a

293 2251 396 2319 endus
440 2261 490 2319 est
534 2274 598 2320 non
636 2255 870 2320 concionatoris
914 2254 1212 2338 percontationibus
1255 2252 1501 2319 inhaerendum.
1551 2282 1562 2325 .;

294 2354 445 2422 Ceterum
478 2358 511 2424 in
544 2359 605 2425 hac
642 2359 717 2444 ipsa
750 2358 930 2424 catholicae
966 2358 1134 2425 electionis
1171 2365 1264 2445 parte
1298 2357 1502 2444 acceptanda
1551 2409 1558 2435 2

292 2461 396 2527 multa
419 2471 494 2529 sunt
520 2472 556 2529 et
579 2485 650 2530 esse
673 2469 833 2550 apparent
856 2463 1053 2529 correctione
1076 2463 1185 2547 digna,
1220 2469 1257 2529 ut
1280 2468 1330 2528 est
1352 2464 1502 2548 appella·

1546 1699 1560 1764 lr

293 2565 416 2631 tionum
450 2569 564 2634 abusio
588 2575 621 2634 et
644 2569 803 2636 avaritiae
837 2588 895 2634 seu
917 2567 1022 2634 fastus
1044 2567 1280 2651 immoderatio,
1314 2589 1397 2654 quae
1420 2588 1502 2651 quo·
1555 2617 1563 2660 ῃ

293 2668 439 2754 adusque
455 2674 613 2740 Dominus
629 2695 689 2741 suo
703 2679 822 2760 purget
837 2672 1019 2739 ventilabro
1043 2672 1086 2739 ad
1105 2694 1222 2758 purum
1244 2673 1381 2758 excoqui
1402 2693 1502 2758 posse
1555 2729 1558 2734 .

293 2795 358 2840 non
390 2784 491 2861 puto,
534 2777 594 2844 sed
625 2779 682 2864 pia
715 2778 844 2844 interim
881 2778 1037 2843 ecclesiae
1073 2779 1235 2862 patientia
1271 2798 1344 2844 cum
1376 2778 1502 2862 gemitu
1561 2767 1563 2850 ]

293 2881 464 2948 toleranda
486 2881 588 2949 donec
611 2882 719 2948 mittat
741 2883 899 2948 Dominus
922 2885 1057 2967 angelos
1080 2902 1165 2965 suos,
1197 2883 1252 2966 qui
1276 2883 1432 2968 colligant
1457 2882 1500 2948 de
1557 2873 1561 2880 “

292 3005 393 3070 regno
416 2988 487 3071 eJ'us
510 2988 619 3053 omnia
640 2987 805 3053 scandala.
1559 2987 1561 2992 ’

297 4385 545 4398 ..-----....

400 4461 419 4531 ¹)
438 4457 505 4512 coni.
535 4457 599 4524 qnid
625 4472 698 4524 capp.
728 4456 771 4511 82.
792 4456 836 4510 84.
866 4457 959 4507 sentiat
987 4454 1019 4506 de
1047 4453 1199 4506 Alexandro
1229 4455 1254 4505 st
1281 4451 1399 4519 partibus
1418 4452 1503 4505 schis-

440 4534 523 4586 matis.
