<?xml version="1.0" encoding="UTF-8"?>
<!DOCTYPE html PUBLIC "-//W3C//DTD XHTML 1.0 Transitional//EN"
    "http://www.w3.org/TR/xhtml1/DTD/xhtml1-transitional.dtd">
<html xmlns="http://www.w3.org/1999/xhtml" xml:lang="en" lang="en">
 <head>
  <title>
</title>
<meta http-equiv="Content-Type" content="text/html;charset=utf-8" />
  <meta name='ocr-system' content='tesseract 3.04.00' />
  <meta name='ocr-capabilities' content='ocr_page ocr_carea ocr_par ocr_line ocrx_word'/>
</head>
<body>
  <div class='ocr_page' id='page_1' title='image "./operahactenusin00schegoog_0081.png"; bbox 0 0 3158 5212; ppageno 0'>
   <div class='ocr_carea' id='block_1_1' title="bbox 231 445 272 512">
    <p class='ocr_par' dir='ltr' id='par_1_1' title="bbox 231 445 272 512">
     <span class='ocr_line' id='line_1_1' title="bbox 231 445 272 512; baseline -0.073 0"><span class='ocrx_word' id='word_1_1' title='bbox 231 445 272 512; x_wconf 88' lang='lat'><strong>66</strong></span> 
     </span>
    </p>
   </div>
   <div class='ocr_carea' id='block_1_2' title="bbox 226 615 1442 1481">
    <p class='ocr_par' dir='ltr' id='par_1_2' title="bbox 226 615 1442 1481">
     <span class='ocr_line' id='line_1_2' title="bbox 230 615 1439 701; baseline 0 -21"><span class='ocrx_word' id='word_1_2' title='bbox 230 617 363 682; x_wconf 76' lang='lat' dir='ltr'>mortuis</span> <span class='ocrx_word' id='word_1_3' title='bbox 386 617 636 683; x_wconf 89' lang='lat' dir='ltr'><strong>constitutus</strong></span> <span class='ocrx_word' id='word_1_4' title='bbox 659 619 719 682; x_wconf 90' lang='lat' dir='ltr'><strong>est</strong></span> <span class='ocrx_word' id='word_1_5' title='bbox 740 633 758 680; x_wconf 90' lang='lat' dir='ltr'><strong>a</strong></span> <span class='ocrx_word' id='word_1_6' title='bbox 782 617 859 682; x_wconf 91' lang='lat' dir='ltr'><strong>Deo</strong></span> <span class='ocrx_word' id='word_1_7' title='bbox 878 616 1002 701; x_wconf 88' lang='lat' dir='ltr'><strong>judex</strong></span> <span class='ocrx_word' id='word_1_8' title='bbox 1024 615 1203 681; x_wconf 87' lang='lat' dir='ltr'><strong>vivorum</strong></span> <span class='ocrx_word' id='word_1_9' title='bbox 1226 619 1265 682; x_wconf 91' lang='lat' dir='ltr'><strong>et</strong></span> <span class='ocrx_word' id='word_1_10' title='bbox 1286 617 1439 682; x_wconf 90' lang='lat' dir='ltr'><strong>mortu-</strong></span> 
     </span>
     <span class='ocr_line' id='line_1_3' title="bbox 231 725 1442 812; baseline -0.002 -19"><span class='ocrx_word' id='word_1_11' title='bbox 231 729 384 810; x_wconf 90' lang='lat' dir='ltr'><strong>orum,¹)</strong></span> <span class='ocrx_word' id='word_1_12' title='bbox 404 727 485 794; x_wconf 91' lang='lat' dir='ltr'><strong>unde</strong></span> <span class='ocrx_word' id='word_1_13' title='bbox 507 731 539 792; x_wconf 92' lang='lat' dir='ltr'><strong>et</strong></span> <span class='ocrx_word' id='word_1_14' title='bbox 559 727 627 812; x_wconf 92' lang='lat' dir='ltr'><strong>ipse</strong></span> <span class='ocrx_word' id='word_1_15' title='bbox 648 745 813 811; x_wconf 81' lang='lat' dir='ltr'><strong>resurgens</strong></span> <span class='ocrx_word' id='word_1_16' title='bbox 836 744 855 791; x_wconf 91' lang='lat' dir='ltr'><strong>a</strong></span> <span class='ocrx_word' id='word_1_17' title='bbox 877 728 1008 793; x_wconf 75' lang='lat' dir='ltr'><strong>mortuis</strong></span> <span class='ocrx_word' id='word_1_18' title='bbox 1031 725 1092 792; x_wconf 89' lang='lat' dir='ltr'><strong>ait:</strong></span> <span class='ocrx_word' id='word_1_19' title='bbox 1130 727 1230 791; x_wconf 91' lang='lat' dir='ltr'><strong>data</strong></span> <span class='ocrx_word' id='word_1_20' title='bbox 1253 730 1313 792; x_wconf 91' lang='lat' dir='ltr'><strong>est</strong></span> <span class='ocrx_word' id='word_1_21' title='bbox 1335 727 1442 792; x_wconf 91' lang='lat' dir='ltr'><strong>mihi</strong></span> 
     </span>
     <span class='ocr_line' id='line_1_4' title="bbox 232 836 1439 924; baseline -0.002 -19"><span class='ocrx_word' id='word_1_22' title='bbox 232 858 362 906; x_wconf 91' lang='lat' dir='ltr'><strong>omnes</strong></span> <span class='ocrx_word' id='word_1_23' title='bbox 384 843 570 924; x_wconf 90' lang='lat' dir='ltr'><strong>potestas</strong></span> <span class='ocrx_word' id='word_1_24' title='bbox 593 839 632 905; x_wconf 92' lang='lat' dir='ltr'><strong>in</strong></span> <span class='ocrx_word' id='word_1_25' title='bbox 655 838 767 903; x_wconf 92' lang='lat' dir='ltr'><strong>coelo</strong></span> <span class='ocrx_word' id='word_1_26' title='bbox 790 837 886 903; x_wconf 90' lang='lat' dir='ltr'><strong>etin</strong></span> <span class='ocrx_word' id='word_1_27' title='bbox 909 839 1099 920; x_wconf 68' lang='lat' dir='ltr'><strong>terreant</strong></span> <span class='ocrx_word' id='word_1_28' title='bbox 1121 836 1291 904; x_wconf 89' lang='lat' dir='ltr'><strong>Psalmista</strong></span> <span class='ocrx_word' id='word_1_29' title='bbox 1313 838 1439 923; x_wconf 89' lang='lat' dir='ltr'><strong>deipso</strong></span> 
     </span>
     <span class='ocr_line' id='line_1_5' title="bbox 230 949 1439 1035; baseline -0.003 -17"><span class='ocrx_word' id='word_1_30' title='bbox 230 954 400 1035; x_wconf 91' lang='lat' dir='ltr'><strong>utrumque</strong></span> <span class='ocrx_word' id='word_1_31' title='bbox 415 970 476 1016; x_wconf 90' lang='lat' dir='ltr'><strong>uno</strong></span> <span class='ocrx_word' id='word_1_32' title='bbox 493 970 586 1017; x_wconf 87' lang='lat' dir='ltr'><strong>versu</strong></span> <span class='ocrx_word' id='word_1_33' title='bbox 601 950 827 1034; x_wconf 88' lang='lat' dir='ltr'><strong>complectens:</strong></span> <span class='ocrx_word' id='word_1_34' title='bbox 850 949 1039 1016; x_wconf 76' lang='lat' dir='ltr'><strong>minuisti</strong></span> <span class='ocrx_word' id='word_1_35' title='bbox 1061 969 1149 1015; x_wconf 91' lang='lat' dir='ltr'><strong>eum</strong></span> <span class='ocrx_word' id='word_1_36' title='bbox 1170 951 1291 1033; x_wconf 92' lang='lat' dir='ltr'><strong>panio</strong></span> <span class='ocrx_word' id='word_1_37' title='bbox 1309 950 1439 1015; x_wconf 90' lang='lat' dir='ltr'><strong>minus</strong></span> 
     </span>
     <span class='ocr_line' id='line_1_6' title="bbox 230 1060 1439 1146; baseline -0.001 -19"><span class='ocrx_word' id='word_1_38' title='bbox 230 1060 474 1146; x_wconf 88' lang='lat' dir='ltr'><strong>abangelis,</strong></span> <span class='ocrx_word' id='word_1_39' title='bbox 499 1061 628 1146; x_wconf 91' lang='lat' dir='ltr'><strong>gloria</strong></span> <span class='ocrx_word' id='word_1_40' title='bbox 650 1060 862 1126; x_wconf 87' lang='lat' dir='ltr'><strong>ethonore</strong></span> <span class='ocrx_word' id='word_1_41' title='bbox 884 1062 1094 1128; x_wconf 75' lang='lat' dir='ltr'><strong>coronasti</strong></span> <span class='ocrx_word' id='word_1_42' title='bbox 1116 1080 1197 1127; x_wconf 90' lang='lat' dir='ltr'><strong>eum</strong></span> <span class='ocrx_word' id='word_1_43' title='bbox 1220 1060 1439 1127; x_wconf 90' lang='lat' dir='ltr'><strong>etconsti·</strong></span> 
     </span>
     <span class='ocr_line' id='line_1_7' title="bbox 231 1170 1441 1258; baseline -0.003 -18"><span class='ocrx_word' id='word_1_44' title='bbox 231 1174 351 1240; x_wconf 87' lang='lat' dir='ltr'><strong>tuisti</strong></span> <span class='ocrx_word' id='word_1_45' title='bbox 385 1193 469 1240; x_wconf 90' lang='lat' dir='ltr'><strong>eum</strong></span> <span class='ocrx_word' id='word_1_46' title='bbox 492 1193 610 1258; x_wconf 91' lang='lat' dir='ltr'><strong>super</strong></span> <span class='ocrx_word' id='word_1_47' title='bbox 633 1190 751 1256; x_wconf 90' lang='lat' dir='ltr'><strong>opera</strong></span> <span class='ocrx_word' id='word_1_48' title='bbox 773 1190 958 1239; x_wconf 90' lang='lat' dir='ltr'><strong>manuum</strong></span> <span class='ocrx_word' id='word_1_49' title='bbox 980 1178 1152 1255; x_wconf 91' lang='lat' dir='ltr'><strong>tuarum,</strong></span> <span class='ocrx_word' id='word_1_50' title='bbox 1187 1173 1320 1238; x_wconf 89' lang='lat' dir='ltr'><strong>omnia</strong></span> <span class='ocrx_word' id='word_1_51' title='bbox 1343 1170 1441 1237; x_wconf 89' lang='lat' dir='ltr'><strong>sub·</strong></span> 
     </span>
     <span class='ocr_line' id='line_1_8' title="bbox 226 1283 1440 1372; baseline -0.003 -20"><span class='ocrx_word' id='word_1_52' title='bbox 226 1285 379 1372; x_wconf 90' lang='lat' dir='ltr'><strong>jecisti</strong></span> <span class='ocrx_word' id='word_1_53' title='bbox 401 1283 470 1351; x_wconf 91' lang='lat' dir='ltr'><strong>sub</strong></span> <span class='ocrx_word' id='word_1_54' title='bbox 491 1283 659 1368; x_wconf 89' lang='lat' dir='ltr'><strong>pedibus</strong></span> <span class='ocrx_word' id='word_1_55' title='bbox 694 1284 834 1370; x_wconf 81' lang='lat' dir='ltr'><strong>ejus³):</strong></span> <span class='ocrx_word' id='word_1_56' title='bbox 867 1286 913 1351; x_wconf 89' lang='grc'><strong>110</strong></span> <span class='ocrx_word' id='word_1_57' title='bbox 936 1287 1021 1352; x_wconf 89' lang='lat' dir='ltr'><strong>etin</strong></span> <span class='ocrx_word' id='word_1_58' title='bbox 1043 1286 1172 1353; x_wconf 86' lang='grc'><strong>00010010</strong></span> <span class='ocrx_word' id='word_1_59' title='bbox 1205 1286 1353 1351; x_wconf 88' lang='lat' dir='ltr'><strong>distincta</strong></span> <span class='ocrx_word' id='word_1_60' title='bbox 1386 1284 1440 1349; x_wconf 90' lang='lat' dir='ltr'><strong>in-</strong></span> 
     </span>
     <span class='ocr_line' id='line_1_9' title="bbox 229 1394 1438 1481; baseline -0.002 -17"><span class='ocrx_word' id='word_1_61' title='bbox 229 1397 394 1464; x_wconf 86' lang='lat' dir='ltr'><strong>veniuntur</strong></span> <span class='ocrx_word' id='word_1_62' title='bbox 426 1394 579 1480; x_wconf 79' lang='lat' dir='ltr'><strong>passionis</strong></span> <span class='ocrx_word' id='word_1_63' title='bbox 602 1398 633 1459; x_wconf 92' lang='grc'><strong>01</strong></span> <span class='ocrx_word' id='word_1_64' title='bbox 655 1395 772 1480; x_wconf 87' lang='lat' dir='ltr'><strong>gloriae</strong></span> <span class='ocrx_word' id='word_1_65' title='bbox 794 1399 944 1480; x_wconf 86' lang='lat' dir='ltr'><strong>tempora.</strong></span> <span class='ocrx_word' id='word_1_66' title='bbox 989 1396 1072 1463; x_wconf 86' lang='lat' dir='ltr'><strong>Nam</strong></span> <span class='ocrx_word' id='word_1_67' title='bbox 1105 1402 1247 1481; x_wconf 89' lang='lat' dir='ltr'><strong>tempora</strong></span> <span class='ocrx_word' id='word_1_68' title='bbox 1279 1394 1438 1478; x_wconf 83' lang='lat' dir='ltr'><strong>passionis</strong></span> 
     </span>
    </p>
   </div>
   <div class='ocr_carea' id='block_1_3' title="bbox 119 1507 1439 1592">
    <p class='ocr_par' dir='ltr' id='par_1_3' title="bbox 119 1507 1439 1592">
     <span class='ocr_line' id='line_1_10' title="bbox 119 1507 1439 1592; baseline -0.002 -18"><span class='ocrx_word' id='word_1_69' title='bbox 119 1577 123 1584; x_wconf 62' lang='grc'>,</span> <span class='ocrx_word' id='word_1_70' title='bbox 230 1508 259 1575; x_wconf 90' lang='grc'><strong>01</strong></span> <span class='ocrx_word' id='word_1_71' title='bbox 283 1507 452 1573; x_wconf 87' lang='grc'><strong>0111101111</strong></span> <span class='ocrx_word' id='word_1_72' title='bbox 475 1523 553 1590; x_wconf 88' lang='lat' dir='ltr'><strong>quae</strong></span> <span class='ocrx_word' id='word_1_73' title='bbox 576 1509 607 1570; x_wconf 91' lang='grc'><strong>01</strong></span> <span class='ocrx_word' id='word_1_74' title='bbox 628 1507 866 1590; x_wconf 76' lang='lat' dir='ltr'><strong>persecutionis,</strong></span> <span class='ocrx_word' id='word_1_75' title='bbox 891 1508 1012 1592; x_wconf 87' lang='lat' dir='ltr'><strong>qnando</strong></span> <span class='ocrx_word' id='word_1_76' title='bbox 1034 1528 1090 1592; x_wconf 91' lang='lat' dir='ltr'><strong>per</strong></span> <span class='ocrx_word' id='word_1_77' title='bbox 1109 1508 1336 1592; x_wconf 83' lang='lat' dir='ltr'><strong>imperatorum</strong></span> <span class='ocrx_word' id='word_1_78' title='bbox 1358 1525 1439 1592; x_wconf 92' lang='lat' dir='ltr'><strong>gen-</strong></span> 
     </span>
    </p>
   </div>
   <div class='ocr_carea' id='block_1_4' title="bbox 146 1616 1446 3698">
    <p class='ocr_par' dir='ltr' id='par_1_4' title="bbox 146 1616 1446 2810">
     <span class='ocr_line' id='line_1_11' title="bbox 230 1616 1440 1701; baseline -0.002 -16"><span class='ocrx_word' id='word_1_79' title='bbox 230 1619 334 1685; x_wconf 89' lang='lat' dir='ltr'><strong>tilium</strong></span> <span class='ocrx_word' id='word_1_80' title='bbox 368 1618 469 1684; x_wconf 90' lang='lat' dir='ltr'><strong>edicta</strong></span> <span class='ocrx_word' id='word_1_81' title='bbox 502 1617 638 1682; x_wconf 88' lang='lat' dir='ltr'><strong>crudelia</strong></span> <span class='ocrx_word' id='word_1_82' title='bbox 671 1616 799 1700; x_wconf 90' lang='lat' dir='ltr'><strong>sanguis</strong></span> <span class='ocrx_word' id='word_1_83' title='bbox 833 1620 1008 1701; x_wconf 91' lang='lat' dir='ltr'><strong>martyrum</strong></span> <span class='ocrx_word' id='word_1_84' title='bbox 1042 1617 1159 1683; x_wconf 84' lang='lat' dir='ltr'><strong>effusus</strong></span> <span class='ocrx_word' id='word_1_85' title='bbox 1193 1620 1242 1683; x_wconf 92' lang='lat' dir='ltr'><strong>est</strong></span> <span class='ocrx_word' id='word_1_86' title='bbox 1276 1618 1440 1701; x_wconf 87' lang='lat' dir='ltr'><strong>usquead</strong></span> 
     </span>
     <span class='ocr_line' id='line_1_12' title="bbox 230 1726 1440 1814; baseline -0.001 -19"><span class='ocrx_word' id='word_1_87' title='bbox 230 1734 373 1814; x_wconf 87' lang='lat' dir='ltr'><strong>tempora</strong></span> <span class='ocrx_word' id='word_1_88' title='bbox 394 1728 440 1814; x_wconf 91' lang='lat' dir='ltr'><strong>pii</strong></span> <span class='ocrx_word' id='word_1_89' title='bbox 461 1727 612 1813; x_wconf 88' lang='lat' dir='ltr'><strong>principis</strong></span> <span class='ocrx_word' id='word_1_90' title='bbox 636 1726 840 1807; x_wconf 84' lang='lat' dir='ltr'><strong>Constantini,</strong></span> <span class='ocrx_word' id='word_1_91' title='bbox 876 1747 947 1793; x_wconf 93' lang='lat' dir='ltr'><strong>cum</strong></span> <span class='ocrx_word' id='word_1_92' title='bbox 980 1728 1125 1794; x_wconf 87' lang='lat' dir='ltr'><strong>videlicet</strong></span> <span class='ocrx_word' id='word_1_93' title='bbox 1146 1729 1276 1794; x_wconf 91' lang='lat' dir='ltr'><strong>ecclesia</strong></span> <span class='ocrx_word' id='word_1_94' title='bbox 1298 1729 1440 1814; x_wconf 89' lang='lat' dir='ltr'><strong>gloriosa</strong></span> 
     </span>
     <span class='ocr_line' id='line_1_13' title="bbox 234 1838 1439 1925; baseline -0.002 -20"><span class='ocrx_word' id='word_1_95' title='bbox 234 1839 295 1905; x_wconf 86' lang='grc'><strong>1111</strong></span> <span class='ocrx_word' id='word_1_96' title='bbox 316 1838 400 1925; x_wconf 91' lang='lat' dir='ltr'><strong>apud</strong></span> <span class='ocrx_word' id='word_1_97' title='bbox 421 1838 524 1903; x_wconf 90' lang='lat' dir='ltr'><strong>Deum</strong></span> <span class='ocrx_word' id='word_1_98' title='bbox 546 1841 671 1904; x_wconf 88' lang='lat' dir='ltr'><strong>tantum</strong></span> <span class='ocrx_word' id='word_1_99' title='bbox 694 1841 725 1903; x_wconf 88' lang='lat' dir='ltr'><strong>et</strong></span> <span class='ocrx_word' id='word_1_100' title='bbox 739 1857 801 1903; x_wconf 92' lang='lat' dir='ltr'><strong>non</strong></span> <span class='ocrx_word' id='word_1_101' title='bbox 816 1839 900 1922; x_wconf 84' lang='lat' dir='ltr'><strong>apud</strong></span> <span class='ocrx_word' id='word_1_102' title='bbox 914 1839 1066 1919; x_wconf 90' lang='lat' dir='ltr'><strong>homines,</strong></span> <span class='ocrx_word' id='word_1_103' title='bbox 1091 1858 1126 1904; x_wconf 85' lang='lat' dir='ltr'><strong>er</strong></span> <span class='ocrx_word' id='word_1_104' title='bbox 1148 1842 1223 1905; x_wconf 91' lang='lat' dir='ltr'><strong>tunc</strong></span> <span class='ocrx_word' id='word_1_105' title='bbox 1244 1858 1317 1905; x_wconf 81' lang='lat' dir='ltr'><strong>uero</strong></span> <span class='ocrx_word' id='word_1_106' title='bbox 1341 1839 1439 1905; x_wconf 90' lang='lat' dir='ltr'><strong>etiam</strong></span> 
     </span>
     <span class='ocr_line' id='line_1_14' title="bbox 230 1946 1440 2035; baseline 0 -20"><span class='ocrx_word' id='word_1_107' title='bbox 230 1950 300 2035; x_wconf 91' lang='lat' dir='ltr'><strong>ipsa</strong></span> <span class='ocrx_word' id='word_1_108' title='bbox 321 1947 421 2033; x_wconf 90' lang='lat' dir='ltr'><strong>gloria</strong></span> <span class='ocrx_word' id='word_1_109' title='bbox 443 1947 612 2013; x_wconf 87' lang='lat' dir='ltr'><strong>ethonore</strong></span> <span class='ocrx_word' id='word_1_110' title='bbox 633 1965 670 2011; x_wconf 89' lang='lat' dir='ltr'><strong>ac</strong></span> <span class='ocrx_word' id='word_1_111' title='bbox 693 1946 810 2012; x_wconf 84' lang='lat' dir='ltr'><strong>divitiis</strong></span> <span class='ocrx_word' id='word_1_112' title='bbox 833 1946 990 2030; x_wconf 89' lang='lat' dir='ltr'><strong>regalibus</strong></span> <span class='ocrx_word' id='word_1_113' title='bbox 1014 1953 1107 2016; x_wconf 90' lang='grc'><strong>01010</strong></span> <span class='ocrx_word' id='word_1_114' title='bbox 1128 1950 1232 2035; x_wconf 88' lang='lat' dir='ltr'><strong>coepit</strong></span> <span class='ocrx_word' id='word_1_115' title='bbox 1252 1968 1321 2016; x_wconf 89' lang='lat' dir='ltr'><strong>esse</strong></span> <span class='ocrx_word' id='word_1_116' title='bbox 1341 1949 1440 2034; x_wconf 92' lang='lat' dir='ltr'><strong>glori-</strong></span> 
     </span>
     <span class='ocr_line' id='line_1_15' title="bbox 235 2057 1438 2144; baseline 0 -18"><span class='ocrx_word' id='word_1_117' title='bbox 235 2078 290 2126; x_wconf 91' lang='lat' dir='ltr'><strong>osa</strong></span> <span class='ocrx_word' id='word_1_118' title='bbox 323 2077 385 2123; x_wconf 91' lang='lat' dir='ltr'><strong>non</strong></span> <span class='ocrx_word' id='word_1_119' title='bbox 416 2058 519 2123; x_wconf 90' lang='lat' dir='ltr'><strong>solnm</strong></span> <span class='ocrx_word' id='word_1_120' title='bbox 552 2057 636 2142; x_wconf 87' lang='lat' dir='ltr'><strong>apud</strong></span> <span class='ocrx_word' id='word_1_121' title='bbox 658 2057 761 2122; x_wconf 91' lang='lat' dir='ltr'><strong>Deum</strong></span> <span class='ocrx_word' id='word_1_122' title='bbox 794 2057 848 2122; x_wconf 92' lang='lat' dir='ltr'><strong>sed</strong></span> <span class='ocrx_word' id='word_1_123' title='bbox 870 2057 965 2122; x_wconf 87' lang='lat' dir='ltr'><strong>etiam</strong></span> <span class='ocrx_word' id='word_1_124' title='bbox 987 2061 1071 2144; x_wconf 90' lang='lat' dir='ltr'><strong>apud</strong></span> <span class='ocrx_word' id='word_1_125' title='bbox 1092 2061 1244 2142; x_wconf 89' lang='lat' dir='ltr'><strong>homines,</strong></span> <span class='ocrx_word' id='word_1_126' title='bbox 1279 2061 1438 2126; x_wconf 88' lang='lat' dir='ltr'><strong>inclinatis</strong></span> 
     </span>
     <span class='ocr_line' id='line_1_16' title="bbox 229 2169 1439 2255; baseline -0.002 -16"><span class='ocrx_word' id='word_1_127' title='bbox 229 2172 376 2239; x_wconf 89' lang='lat' dir='ltr'><strong>nimimm</strong></span> <span class='ocrx_word' id='word_1_128' title='bbox 410 2171 450 2234; x_wconf 89' lang='lat' dir='ltr'><strong>ad</strong></span> <span class='ocrx_word' id='word_1_129' title='bbox 473 2187 542 2234; x_wconf 91' lang='lat' dir='ltr'><strong>eam</strong></span> <span class='ocrx_word' id='word_1_130' title='bbox 564 2169 690 2253; x_wconf 87' lang='lat' dir='ltr'><strong>regibus</strong></span> <span class='ocrx_word' id='word_1_131' title='bbox 724 2186 760 2235; x_wconf 93' lang='lat' dir='ltr'><strong>ac</strong></span> <span class='ocrx_word' id='word_1_132' title='bbox 790 2188 958 2255; x_wconf 88' lang='lat' dir='ltr'><strong>regnorum</strong></span> <span class='ocrx_word' id='word_1_133' title='bbox 981 2171 1168 2238; x_wconf 87' lang='lat' dir='ltr'><strong>culminibus</strong></span> <span class='ocrx_word' id='word_1_134' title='bbox 1201 2174 1233 2237; x_wconf 89' lang='lat' dir='ltr'><strong>et</strong></span> <span class='ocrx_word' id='word_1_135' title='bbox 1255 2173 1439 2236; x_wconf 85' lang='lat' dir='ltr'><strong>sanctorum</strong></span> 
     </span>
     <span class='ocr_line' id='line_1_17' title="bbox 232 2280 1440 2368; baseline -0.005 -17"><span class='ocrx_word' id='word_1_136' title='bbox 232 2281 436 2352; x_wconf 83' lang='lat' dir='ltr'><strong>confessionis</strong></span> <span class='ocrx_word' id='word_1_137' title='bbox 459 2300 516 2366; x_wconf 90' lang='lat' dir='ltr'><strong>pro</strong></span> <span class='ocrx_word' id='word_1_138' title='bbox 539 2280 712 2365; x_wconf 89' lang='lat' dir='ltr'><strong>ignominia</strong></span> <span class='ocrx_word' id='word_1_139' title='bbox 732 2281 837 2366; x_wconf 88' lang='lat' dir='ltr'><strong>priora</strong></span> <span class='ocrx_word' id='word_1_140' title='bbox 858 2281 890 2346; x_wconf 93' lang='lat' dir='ltr'><strong>in</strong></span> <span class='ocrx_word' id='word_1_141' title='bbox 911 2281 1058 2348; x_wconf 85' lang='lat' dir='ltr'><strong>aedificiis</strong></span> <span class='ocrx_word' id='word_1_142' title='bbox 1075 2286 1106 2348; x_wconf 91' lang='lat' dir='ltr'><strong>et</strong></span> <span class='ocrx_word' id='word_1_143' title='bbox 1121 2281 1319 2368; x_wconf 88' lang='lat' dir='ltr'><strong>praediorum</strong></span> <span class='ocrx_word' id='word_1_144' title='bbox 1344 2281 1440 2346; x_wconf 87' lang='lat' dir='ltr'><strong>dona-</strong></span> 
     </span>
     <span class='ocr_line' id='line_1_18' title="bbox 146 2390 1439 2478; baseline -0.002 -17"><span class='ocrx_word' id='word_1_145' title='bbox 146 2466 155 2478; x_wconf 59' lang='lat'><strong>,</strong></span> <span class='ocrx_word' id='word_1_146' title='bbox 231 2393 369 2461; x_wconf 87' lang='lat' dir='ltr'><strong>tionibus</strong></span> <span class='ocrx_word' id='word_1_147' title='bbox 403 2390 569 2476; x_wconf 88' lang='lat' dir='ltr'><strong>magnifice</strong></span> <span class='ocrx_word' id='word_1_148' title='bbox 599 2391 856 2476; x_wconf 90' lang='lat' dir='ltr'><strong>glorificantibus,</strong></span> <span class='ocrx_word' id='word_1_149' title='bbox 893 2393 975 2458; x_wconf 90' lang='lat' dir='ltr'><strong>inter</strong></span> <span class='ocrx_word' id='word_1_150' title='bbox 1009 2411 1087 2478; x_wconf 89' lang='lat' dir='ltr'><strong>quae</strong></span> <span class='ocrx_word' id='word_1_151' title='bbox 1121 2395 1216 2459; x_wconf 90' lang='lat' dir='ltr'><strong>etiam</strong></span> <span class='ocrx_word' id='word_1_152' title='bbox 1253 2394 1372 2478; x_wconf 90' lang='lat' dir='ltr'><strong>regales</strong></span> <span class='ocrx_word' id='word_1_153' title='bbox 1407 2394 1439 2458; x_wconf 90' lang='lat' dir='ltr'><strong>oi</strong></span> 
     </span>
     <span class='ocr_line' id='line_1_19' title="bbox 233 2504 1438 2596; baseline -0.004 -21"><span class='ocrx_word' id='word_1_154' title='bbox 233 2508 358 2596; x_wconf 88' lang='lat' dir='ltr'><strong>quidam</strong></span> <span class='ocrx_word' id='word_1_155' title='bbox 380 2506 513 2571; x_wconf 92' lang='lat' dir='ltr'><strong>honores</strong></span> <span class='ocrx_word' id='word_1_156' title='bbox 536 2505 641 2569; x_wconf 91' lang='lat' dir='ltr'><strong>collati</strong></span> <span class='ocrx_word' id='word_1_157' title='bbox 664 2506 745 2586; x_wconf 92' lang='lat' dir='ltr'><strong>sunt,</strong></span> <span class='ocrx_word' id='word_1_158' title='bbox 780 2507 816 2569; x_wconf 91' lang='lat' dir='ltr'><strong>ut</strong></span> <span class='ocrx_word' id='word_1_159' title='bbox 845 2505 908 2590; x_wconf 91' lang='lat' dir='ltr'><strong>ipsi</strong></span> <span class='ocrx_word' id='word_1_160' title='bbox 930 2504 1010 2570; x_wconf 90' lang='lat' dir='ltr'><strong>siout</strong></span> <span class='ocrx_word' id='word_1_161' title='bbox 1032 2504 1253 2589; x_wconf 88' lang='lat' dir='ltr'><strong>praemisimus</strong></span> <span class='ocrx_word' id='word_1_162' title='bbox 1276 2505 1338 2570; x_wconf 88' lang='lat' dir='ltr'><strong>diei</strong></span> <span class='ocrx_word' id='word_1_163' title='bbox 1361 2523 1438 2570; x_wconf 89' lang='lat' dir='ltr'><strong>con-</strong></span> 
     </span>
     <span class='ocr_line' id='line_1_20' title="bbox 231 2600 1446 2702; baseline -0.003 -17"><span class='ocrx_word' id='word_1_164' title='bbox 231 2618 335 2685; x_wconf 83' lang='lat' dir='ltr'><strong>veniat</strong></span> <span class='ocrx_word' id='word_1_165' title='bbox 362 2634 381 2681; x_wconf 88' lang='lat' dir='ltr'><strong>a</strong></span> <span class='ocrx_word' id='word_1_166' title='bbox 409 2634 524 2702; x_wconf 89' lang='lat' dir='ltr'><strong>sponso</strong></span> <span class='ocrx_word' id='word_1_167' title='bbox 563 2634 619 2682; x_wconf 91' lang='lat' dir='ltr'><strong>suo</strong></span> <span class='ocrx_word' id='word_1_168' title='bbox 658 2614 795 2695; x_wconf 84' lang='lat' dir='ltr'><strong>Christo,</strong></span> <span class='ocrx_word' id='word_1_169' title='bbox 835 2616 917 2700; x_wconf 87' lang='lat' dir='ltr'><strong>qnod</strong></span> <span class='ocrx_word' id='word_1_170' title='bbox 950 2614 1101 2699; x_wconf 88' lang='lat' dir='ltr'><strong>equitatui</strong></span> <span class='ocrx_word' id='word_1_171' title='bbox 1135 2615 1201 2698; x_wconf 87' lang='lat' dir='ltr'><strong>ejus</strong></span> <span class='ocrx_word' id='word_1_172' title='bbox 1223 2615 1256 2680; x_wconf 94' lang='lat' dir='ltr'><strong>in</strong></span> <span class='ocrx_word' id='word_1_173' title='bbox 1292 2600 1446 2682; x_wconf 82' lang='lat' dir='ltr'><strong>curribus</strong></span> 
     </span>
     <span class='ocr_line' id='line_1_21' title="bbox 231 2725 886 2810; baseline -0.008 -15"><span class='ocrx_word' id='word_1_174' title='bbox 231 2727 404 2795; x_wconf 88' lang='lat' dir='ltr'><strong>Pharaonis</strong></span> <span class='ocrx_word' id='word_1_175' title='bbox 426 2727 599 2792; x_wconf 82' lang='lat' dir='ltr'><strong>assimilata</strong></span> <span class='ocrx_word' id='word_1_176' title='bbox 622 2726 664 2792; x_wconf 92' lang='lat' dir='ltr'><strong>sit</strong></span> <span class='ocrx_word' id='word_1_177' title='bbox 685 2726 787 2790; x_wconf 90' lang='lat' dir='ltr'><strong>amica</strong></span> <span class='ocrx_word' id='word_1_178' title='bbox 809 2725 886 2810; x_wconf 88' lang='lat' dir='ltr'><strong>ejas.</strong></span> 
     </span>
    </p>

    <p class='ocr_par' dir='ltr' id='par_1_5' title="bbox 233 2836 1442 3698">
     <span class='ocr_line' id='line_1_22' title="bbox 331 2836 1438 2924; baseline 0 -20"><span class='ocrx_word' id='word_1_179' title='bbox 331 2836 426 2921; x_wconf 84' lang='lat' dir='ltr'><strong>Ouy&#39;us</strong></span> <span class='ocrx_word' id='word_1_180' title='bbox 449 2837 494 2902; x_wconf 92' lang='lat' dir='ltr'><strong>rei</strong></span> <span class='ocrx_word' id='word_1_181' title='bbox 516 2840 620 2922; x_wconf 85' lang='lat' dir='ltr'><strong>typus,</strong></span> <span class='ocrx_word' id='word_1_182' title='bbox 654 2838 752 2923; x_wconf 87' lang='lat' dir='ltr'><strong>ajunt,</strong></span> <span class='ocrx_word' id='word_1_183' title='bbox 788 2840 820 2904; x_wconf 93' lang='lat' dir='ltr'><strong>in</strong></span> <span class='ocrx_word' id='word_1_184' title='bbox 853 2837 953 2904; x_wconf 87' lang='lat' dir='ltr'><strong>tribus</strong></span> <span class='ocrx_word' id='word_1_185' title='bbox 988 2857 1110 2923; x_wconf 90' lang='lat' dir='ltr'><strong>quoque</strong></span> <span class='ocrx_word' id='word_1_186' title='bbox 1142 2838 1248 2924; x_wconf 89' lang='lat' dir='ltr'><strong>pneris</strong></span> <span class='ocrx_word' id='word_1_187' title='bbox 1271 2841 1302 2903; x_wconf 89' lang='lat' dir='ltr'><strong>et</strong></span> <span class='ocrx_word' id='word_1_188' title='bbox 1325 2841 1438 2922; x_wconf 88' lang='lat' dir='ltr'><strong>quarto</strong></span> 
     </span>
     <span class='ocr_line' id='line_1_23' title="bbox 233 2947 1438 3034; baseline 0 -20"><span class='ocrx_word' id='word_1_189' title='bbox 233 2949 317 3014; x_wconf 89' lang='lat' dir='ltr'><strong>socio</strong></span> <span class='ocrx_word' id='word_1_190' title='bbox 340 2967 457 3026; x_wconf 89' lang='lat' dir='ltr'><strong>eorum,</strong></span> <span class='ocrx_word' id='word_1_191' title='bbox 481 2948 619 3027; x_wconf 87' lang='lat' dir='ltr'><strong>Daniele,</strong></span> <span class='ocrx_word' id='word_1_192' title='bbox 652 2953 833 3034; x_wconf 89' lang='lat' dir='ltr'><strong>praecessit.</strong></span> <span class='ocrx_word' id='word_1_193' title='bbox 869 2951 921 3016; x_wconf 93' lang='grc'><strong>1111</strong></span> <span class='ocrx_word' id='word_1_194' title='bbox 941 2967 1076 3033; x_wconf 87' lang='lat' dir='ltr'><strong>namque</strong></span> <span class='ocrx_word' id='word_1_195' title='bbox 1099 2948 1223 3015; x_wconf 82' lang='lat' dir='ltr'><strong>fornace</strong></span> <span class='ocrx_word' id='word_1_196' title='bbox 1245 2947 1438 3033; x_wconf 81' lang='lat' dir='ltr'><strong>Babyloniae</strong></span> 
     </span>
     <span class='ocr_line' id='line_1_24' title="bbox 234 3056 1438 3146; baseline 0.001 -22"><span class='ocrx_word' id='word_1_197' title='bbox 234 3061 381 3143; x_wconf 89' lang='lat' dir='ltr'><strong>superata</strong></span> <span class='ocrx_word' id='word_1_198' title='bbox 413 3056 514 3122; x_wconf 89' lang='lat' dir='ltr'><strong>incliti</strong></span> <span class='ocrx_word' id='word_1_199' title='bbox 546 3060 749 3142; x_wconf 88' lang='lat' dir='ltr'><strong>postmodum</strong></span> <span class='ocrx_word' id='word_1_200' title='bbox 782 3061 866 3146; x_wconf 88' lang='lat' dir='ltr'><strong>apud</strong></span> <span class='ocrx_word' id='word_1_201' title='bbox 898 3077 1006 3146; x_wconf 85' lang='lat' dir='ltr'><strong>regem</strong></span> <span class='ocrx_word' id='word_1_202' title='bbox 1038 3058 1138 3125; x_wconf 90' lang='lat' dir='ltr'><strong>habiti</strong></span> <span class='ocrx_word' id='word_1_203' title='bbox 1168 3063 1199 3125; x_wconf 91' lang='lat' dir='ltr'><strong>et</strong></span> <span class='ocrx_word' id='word_1_204' title='bbox 1232 3059 1438 3142; x_wconf 85' lang='lat' dir='ltr'><strong>magistratus</strong></span> 
     </span>
     <span class='ocr_line' id='line_1_25' title="bbox 233 3168 1441 3255; baseline 0.002 -22"><span class='ocrx_word' id='word_1_205' title='bbox 233 3168 350 3234; x_wconf 89' lang='lat' dir='ltr'><strong>honore</strong></span> <span class='ocrx_word' id='word_1_206' title='bbox 371 3169 404 3234; x_wconf 90' lang='lat' dir='ltr'><strong>in</strong></span> <span class='ocrx_word' id='word_1_207' title='bbox 428 3169 588 3255; x_wconf 84' lang='lat' dir='ltr'><strong>provincia</strong></span> <span class='ocrx_word' id='word_1_208' title='bbox 609 3170 801 3255; x_wconf 75' lang='lat' dir='ltr'><strong>Babyloniae</strong></span> <span class='ocrx_word' id='word_1_209' title='bbox 834 3170 933 3235; x_wconf 89' lang='lat' dir='ltr'><strong>functi</strong></span> <span class='ocrx_word' id='word_1_210' title='bbox 966 3174 1053 3249; x_wconf 82' lang='lat' dir='ltr'><strong>sunt3</strong></span> <span class='ocrx_word' id='word_1_211' title='bbox 1086 3169 1198 3236; x_wconf 87' lang='lat' dir='ltr'><strong>Daniel</strong></span> <span class='ocrx_word' id='word_1_212' title='bbox 1221 3188 1346 3253; x_wconf 89' lang='lat' dir='ltr'><strong>quoque</strong></span> <span class='ocrx_word' id='word_1_213' title='bbox 1364 3173 1441 3254; x_wconf 92' lang='lat' dir='ltr'><strong>post</strong></span> 
     </span>
     <span class='ocr_line' id='line_1_26' title="bbox 234 3280 1441 3367; baseline -0.001 -20"><span class='ocrx_word' id='word_1_214' title='bbox 234 3280 387 3364; x_wconf 89' lang='lat' dir='ltr'><strong>regalium</strong></span> <span class='ocrx_word' id='word_1_215' title='bbox 410 3281 597 3347; x_wconf 89' lang='lat' dir='ltr'><strong>solutionem</strong></span> <span class='ocrx_word' id='word_1_216' title='bbox 620 3283 830 3363; x_wconf 90' lang='lat' dir='ltr'><strong>somniorum,</strong></span> <span class='ocrx_word' id='word_1_217' title='bbox 854 3285 928 3367; x_wconf 89' lang='lat' dir='ltr'><strong>post</strong></span> <span class='ocrx_word' id='word_1_218' title='bbox 951 3281 1123 3367; x_wconf 88' lang='lat' dir='ltr'><strong>scripturae</strong></span> <span class='ocrx_word' id='word_1_219' title='bbox 1146 3281 1242 3347; x_wconf 88' lang='lat' dir='ltr'><strong>etiam</strong></span> <span class='ocrx_word' id='word_1_220' title='bbox 1263 3283 1296 3347; x_wconf 92' lang='grc'><strong>11</strong></span> <span class='ocrx_word' id='word_1_221' title='bbox 1318 3280 1441 3366; x_wconf 89' lang='lat' dir='ltr'><strong>pariete</strong></span> 
     </span>
     <span class='ocr_line' id='line_1_27' title="bbox 233 3391 1441 3478; baseline 0.001 -21"><span class='ocrx_word' id='word_1_222' title='bbox 233 3392 323 3457; x_wconf 89' lang='lat' dir='ltr'><strong>aulae</strong></span> <span class='ocrx_word' id='word_1_223' title='bbox 344 3391 458 3478; x_wconf 88' lang='lat' dir='ltr'><strong>regalis</strong></span> <span class='ocrx_word' id='word_1_224' title='bbox 481 3395 589 3457; x_wconf 91' lang='lat' dir='ltr'><strong>contra</strong></span> <span class='ocrx_word' id='word_1_225' title='bbox 611 3392 831 3459; x_wconf 89' lang='lat' dir='ltr'><strong>candelabmm</strong></span> <span class='ocrx_word' id='word_1_226' title='bbox 847 3393 983 3478; x_wconf 87' lang='lat' dir='ltr'><strong>scriptae</strong></span> <span class='ocrx_word' id='word_1_227' title='bbox 997 3392 1163 3457; x_wconf 90' lang='lat' dir='ltr'><strong>lectionem</strong></span> <span class='ocrx_word' id='word_1_228' title='bbox 1179 3393 1273 3458; x_wconf 92' lang='lat' dir='ltr'><strong>simul</strong></span> <span class='ocrx_word' id='word_1_229' title='bbox 1295 3393 1441 3459; x_wconf 89' lang='grc'><strong>0111101-</strong></span> 
     </span>
     <span class='ocr_line' id='line_1_28' title="bbox 235 3502 1439 3589; baseline 0.001 -21"><span class='ocrx_word' id='word_1_230' title='bbox 235 3502 442 3587; x_wconf 84' lang='lat' dir='ltr'><strong>pretationem</strong></span> <span class='ocrx_word' id='word_1_231' title='bbox 473 3507 504 3568; x_wconf 91' lang='lat' dir='ltr'><strong>et</strong></span> <span class='ocrx_word' id='word_1_232' title='bbox 536 3504 605 3589; x_wconf 89' lang='lat' dir='ltr'><strong>ipse</strong></span> <span class='ocrx_word' id='word_1_233' title='bbox 636 3507 745 3588; x_wconf 90' lang='lat' dir='ltr'><strong>torque</strong></span> <span class='ocrx_word' id='word_1_234' title='bbox 778 3523 871 3569; x_wconf 89' lang='lat' dir='ltr'><strong>aureo</strong></span> <span class='ocrx_word' id='word_1_235' title='bbox 905 3502 1046 3569; x_wconf 90' lang='lat' dir='ltr'><strong>coronari</strong></span> <span class='ocrx_word' id='word_1_236' title='bbox 1076 3505 1107 3568; x_wconf 91' lang='lat' dir='ltr'><strong>et</strong></span> <span class='ocrx_word' id='word_1_237' title='bbox 1129 3503 1240 3569; x_wconf 88' lang='lat' dir='ltr'><strong>tertius</strong></span> <span class='ocrx_word' id='word_1_238' title='bbox 1272 3505 1304 3569; x_wconf 90' lang='lat' dir='ltr'><strong>in</strong></span> <span class='ocrx_word' id='word_1_239' title='bbox 1338 3522 1439 3589; x_wconf 89' lang='lat' dir='ltr'><strong>regno</strong></span> 
     </span>
     <span class='ocr_line' id='line_1_29' title="bbox 234 3611 1442 3698; baseline 0.003 -21"><span class='ocrx_word' id='word_1_240' title='bbox 234 3612 402 3679; x_wconf 88' lang='lat' dir='ltr'><strong>Balthasar</strong></span> <span class='ocrx_word' id='word_1_241' title='bbox 438 3613 546 3680; x_wconf 88' lang='lat' dir='ltr'><strong>haberi</strong></span> <span class='ocrx_word' id='word_1_242' title='bbox 569 3615 692 3693; x_wconf 89' lang='lat' dir='ltr'><strong>meruit,</strong></span> <span class='ocrx_word' id='word_1_243' title='bbox 730 3615 812 3680; x_wconf 91' lang='lat' dir='ltr'><strong>sicut</strong></span> <span class='ocrx_word' id='word_1_244' title='bbox 832 3615 865 3678; x_wconf 90' lang='lat' dir='ltr'><strong>iu</strong></span> <span class='ocrx_word' id='word_1_245' title='bbox 888 3632 983 3698; x_wconf 91' lang='lat' dir='ltr'><strong>regno</strong></span> <span class='ocrx_word' id='word_1_246' title='bbox 1008 3630 1128 3697; x_wconf 87' lang='lat' dir='ltr'><strong>quoqne</strong></span> <span class='ocrx_word' id='word_1_247' title='bbox 1150 3611 1442 3682; x_wconf 87' lang='lat' dir='ltr'><strong>Nabuchodonosor</strong></span> 
     </span>
    </p>
   </div>
   <div class='ocr_carea' id='block_1_5' title="bbox 234 3721 1575 3925">
    <p class='ocr_par' dir='ltr' id='par_1_6' title="bbox 234 3721 1575 3925">
     <span class='ocr_line' id='line_1_30' title="bbox 234 3721 1575 3811; baseline 0.006 -24"><span class='ocrx_word' id='word_1_248' title='bbox 234 3721 370 3808; x_wconf 88' lang='lat' dir='ltr'><strong>inclytus</strong></span> <span class='ocrx_word' id='word_1_249' title='bbox 393 3724 552 3805; x_wconf 86' lang='lat' dir='ltr'><strong>extiterat,</strong></span> <span class='ocrx_word' id='word_1_250' title='bbox 585 3728 620 3790; x_wconf 92' lang='lat' dir='ltr'><strong>nt</strong></span> <span class='ocrx_word' id='word_1_251' title='bbox 642 3725 759 3791; x_wconf 89' lang='lat' dir='ltr'><strong>inillis</strong></span> <span class='ocrx_word' id='word_1_252' title='bbox 782 3725 882 3790; x_wconf 88' lang='lat' dir='ltr'><strong>tribus</strong></span> <span class='ocrx_word' id='word_1_253' title='bbox 905 3726 1047 3791; x_wconf 89' lang='lat' dir='ltr'><strong>videlicet</strong></span> <span class='ocrx_word' id='word_1_254' title='bbox 1069 3725 1173 3811; x_wconf 89' lang='lat' dir='ltr'><strong>pueris</strong></span> <span class='ocrx_word' id='word_1_255' title='bbox 1195 3727 1370 3809; x_wconf 86' lang='lat' dir='ltr'><strong>martymm</strong></span> <span class='ocrx_word' id='word_1_256' title='bbox 1391 3726 1442 3790; x_wconf 93' lang='lat' dir='ltr'><strong>la-</strong></span> <span class='ocrx_word' id='word_1_257' title='bbox 1574 3779 1575 3795; x_wconf 61' lang='lat'><strong>,</strong></span> 
     </span>
     <span class='ocr_line' id='line_1_31' title="bbox 238 3832 1575 3925; baseline 0.002 -27"><span class='ocrx_word' id='word_1_258' title='bbox 238 3833 347 3900; x_wconf 90' lang='lat' dir='ltr'><strong>borem</strong></span> <span class='ocrx_word' id='word_1_259' title='bbox 369 3838 400 3900; x_wconf 93' lang='lat' dir='ltr'><strong>et</strong></span> <span class='ocrx_word' id='word_1_260' title='bbox 423 3832 665 3919; x_wconf 88' lang='lat' dir='ltr'><strong>subsequentem</strong></span> <span class='ocrx_word' id='word_1_261' title='bbox 694 3835 835 3919; x_wconf 84' lang='lat' dir='ltr'><strong>gloriam,</strong></span> <span class='ocrx_word' id='word_1_262' title='bbox 866 3835 899 3900; x_wconf 90' lang='lat' dir='ltr'><strong>in</strong></span> <span class='ocrx_word' id='word_1_263' title='bbox 917 3835 1046 3901; x_wconf 86' lang='lat' dir='ltr'><strong>Daniele</strong></span> <span class='ocrx_word' id='word_1_264' title='bbox 1067 3854 1140 3902; x_wconf 86' lang='grc'><strong>1010</strong></span> <span class='ocrx_word' id='word_1_265' title='bbox 1163 3838 1344 3901; x_wconf 91' lang='lat' dir='ltr'><strong>sanctorum</strong></span> <span class='ocrx_word' id='word_1_266' title='bbox 1365 3853 1443 3901; x_wconf 92' lang='lat' dir='ltr'><strong>con·</strong></span> <span class='ocrx_word' id='word_1_267' title='bbox 1574 3843 1575 3925; x_wconf 70' lang='lat' dir='ltr'>j</span> 
     </span>
    </p>
   </div>
   <div class='ocr_carea' id='block_1_6' title="bbox 236 3945 1441 4250">
    <p class='ocr_par' dir='ltr' id='par_1_7' title="bbox 236 3945 1441 4250">
     <span class='ocr_line' id='line_1_32' title="bbox 237 3945 1440 4033; baseline 0.002 -23"><span class='ocrx_word' id='word_1_268' title='bbox 237 3945 393 4011; x_wconf 85' lang='lat' dir='ltr'><strong>fessorum</strong></span> <span class='ocrx_word' id='word_1_269' title='bbox 412 3947 506 4028; x_wconf 90' lang='lat' dir='ltr'><strong>atque</strong></span> <span class='ocrx_word' id='word_1_270' title='bbox 528 3946 691 4012; x_wconf 87' lang='lat' dir='ltr'><strong>doctorum</strong></span> <span class='ocrx_word' id='word_1_271' title='bbox 704 3946 898 4031; x_wconf 85' lang='lat' dir='ltr'><strong>vigilantiam</strong></span> <span class='ocrx_word' id='word_1_272' title='bbox 910 3950 941 4012; x_wconf 92' lang='lat' dir='ltr'><strong>et</strong></span> <span class='ocrx_word' id='word_1_273' title='bbox 954 3947 1123 4031; x_wconf 86' lang='lat' dir='ltr'><strong>ligatorum</strong></span> <span class='ocrx_word' id='word_1_274' title='bbox 1139 3945 1278 4014; x_wconf 84' lang='lat' dir='ltr'><strong>solvendi</strong></span> <span class='ocrx_word' id='word_1_275' title='bbox 1293 3947 1440 4033; x_wconf 87' lang='lat' dir='ltr'><strong>peritiam</strong></span> 
     </span>
     <span class='ocr_line' id='line_1_33' title="bbox 236 4053 1441 4142; baseline 0.003 -22"><span class='ocrx_word' id='word_1_276' title='bbox 236 4056 373 4140; x_wconf 89' lang='lat' dir='ltr'><strong>itemque</strong></span> <span class='ocrx_word' id='word_1_277' title='bbox 409 4053 650 4139; x_wconf 89' lang='lat' dir='ltr'><strong>subsequentem</strong></span> <span class='ocrx_word' id='word_1_278' title='bbox 685 4057 819 4141; x_wconf 87' lang='lat' dir='ltr'><strong>gloriam</strong></span> <span class='ocrx_word' id='word_1_279' title='bbox 855 4058 1060 4142; x_wconf 89' lang='lat' dir='ltr'><strong>temporalem</strong></span> <span class='ocrx_word' id='word_1_280' title='bbox 1095 4059 1190 4124; x_wconf 91' lang='lat' dir='ltr'><strong>simul</strong></span> <span class='ocrx_word' id='word_1_281' title='bbox 1219 4062 1252 4125; x_wconf 93' lang='grc'><strong>01</strong></span> <span class='ocrx_word' id='word_1_282' title='bbox 1280 4062 1441 4125; x_wconf 91' lang='lat' dir='ltr'><strong>aeternam</strong></span> 
     </span>
     <span class='ocr_line' id='line_1_34' title="bbox 237 4163 1440 4250; baseline 0.006 -20"><span class='ocrx_word' id='word_1_283' title='bbox 237 4164 341 4250; x_wconf 90' lang='lat' dir='ltr'><strong>typice</strong></span> <span class='ocrx_word' id='word_1_284' title='bbox 363 4163 565 4250; x_wconf 84' lang='lat' dir='ltr'><strong>praefulsisse</strong></span> <span class='ocrx_word' id='word_1_285' title='bbox 587 4167 790 4234; x_wconf 89' lang='lat' dir='ltr'><strong>manifestum</strong></span> <span class='ocrx_word' id='word_1_286' title='bbox 813 4169 864 4237; x_wconf 86' lang='lat' dir='ltr'><strong>sit.</strong></span> <span class='ocrx_word' id='word_1_287' title='bbox 897 4169 1020 4234; x_wconf 89' lang='lat' dir='ltr'><strong>Horum</strong></span> <span class='ocrx_word' id='word_1_288' title='bbox 1035 4168 1131 4235; x_wconf 92' lang='lat' dir='ltr'><strong>etiam</strong></span> <span class='ocrx_word' id='word_1_289' title='bbox 1146 4169 1242 4236; x_wconf 92' lang='lat' dir='ltr'><strong>trium</strong></span> <span class='ocrx_word' id='word_1_290' title='bbox 1260 4171 1281 4237; x_wconf 91' lang='lat' dir='ltr'><strong>i.</strong></span> <span class='ocrx_word' id='word_1_291' title='bbox 1306 4190 1332 4239; x_wconf 90' lang='lat' dir='ltr'><strong>a</strong></span> <span class='ocrx_word' id='word_1_292' title='bbox 1355 4188 1440 4237; x_wconf 89' lang='lat' dir='ltr'><strong>mar·</strong></span> 
     </span>
    </p>
   </div>
   <div class='ocr_carea' id='block_1_7' title="bbox 339 4351 587 4620">
    <p class='ocr_par' dir='ltr' id='par_1_8' title="bbox 339 4351 587 4620">
     <span class='ocr_line' id='line_1_35' title="bbox 341 4351 559 4421; baseline 0 -13"><span class='ocrx_word' id='word_1_293' title='bbox 341 4351 559 4421; x_wconf 47' lang='lat' dir='ltr'><strong>&amp;mmm</strong></span> 
     </span>
     <span class='ocr_line' id='line_1_36' title="bbox 339 4450 587 4522; baseline -0.008 -15"><span class='ocrx_word' id='word_1_294' title='bbox 339 4450 361 4522; x_wconf 87' lang='lat'><strong>¹)</strong></span> <span class='ocrx_word' id='word_1_295' title='bbox 379 4453 462 4507; x_wconf 80' lang='grc'><strong>110111</strong></span> <span class='ocrx_word' id='word_1_296' title='bbox 481 4452 587 4509; x_wconf 80' lang='lat'><strong>28.18.</strong></span> 
     </span>
     <span class='ocr_line' id='line_1_37' title="bbox 340 4550 559 4620; baseline 0.014 -16"><span class='ocrx_word' id='word_1_297' title='bbox 340 4550 559 4620; x_wconf 58' lang='grc' dir='ltr'><strong>ἣὴᾶᾶῐ</strong></span> 
     </span>
    </p>
   </div>
   <div class='ocr_carea' id='block_1_8' title="bbox 0 0 1585 5212">
    <p class='ocr_par' dir='ltr' id='par_1_9' title="bbox 0 0 1585 5212">
     <span class='ocr_line' id='line_1_38' title="bbox 0 0 1585 5212; baseline 0 0"><span class='ocrx_word' id='word_1_298' title='bbox 0 0 1585 5212; x_wconf 95' lang='lat' dir='ltr'><strong> </strong></span> 
     </span>
    </p>
   </div>
  </div>
 </body>
</html>
