3172 5202
1247 377 1310 443 117

107 551 186 630 sent,
211 566 290 634 quae
311 548 395 633 apud
418 550 538 616 clerum
559 548 716 638 potiorem
737 549 845 613 locum
868 547 1019 630 obtinent,
1036 549 1060 634 1)
1097 549 1208 632 utpote
1230 567 1310 632 quae

105 661 214 728 nimini
236 662 275 727 de
297 680 331 727 se
354 660 497 728 confesso
531 679 624 744 super
657 660 755 726 alieno
779 659 907 726 crimine
929 662 1117 728 credendum
1139 658 1310 742 11111111-

106 776 185 838 cant.
209 772 322 839 Atilii
344 770 556 840 contenebrati
589 774 621 836 et
641 772 727 856 leges
751 770 976 838 ecclesiasticas
1010 772 1141 838 minoris
1159 769 1309 835 habentes

105 885 212 950 insno
234 885 390 950 destinato
423 886 606 968 permanent
639 900 675 948 ac
698 883 805 948 dicunt
827 882 923 948 etiam
957 901 1020 948 non
1049 881 1146 949 fnisse
1179 879 1311 948 liberam

104 1014 158 1061 nec
180 1013 296 1081 puram
317 997 351 1061 in
371 995 585 1062 Alexandrum
617 994 735 1060 factam
768 994 970 1076 electionem,
1012 1013 1090 1081 quae
1122 996 1203 1061 inter
1226 993 1310 1060 solos

105 1107 268 1172 duodecim
291 1107 469 1175 cardinales
494 1106 715 1192 conjurationis
739 1105 840 1172 socios
864 1125 926 1172 non
942 1108 1008 1175 sine
1023 1107 1117 1194 pretii
1132 1104 1309 1172 interuentu

103 1219 262 1284 coarctata
283 1217 325 1285 sit
347 1219 473 1285 etiamsi
494 1218 580 1304 prior
602 1218 767 1284 extitisset.

557 1605 668 1675 cap.
687 1605 851 1664 Lvm.

236 1727 319 1804 Quid
340 1746 418 1817 pars
439 1727 621 1797 Alexandri
643 1729 760 1796 contra
782 1727 992 1796 Octavianum
1015 1725 1131 1794 dicat?
1147 1727 1174 1814 ¹)

199 1916 247 1982 At
268 1934 341 1984 vero
363 1914 406 1998 hi,
430 1916 483 2001 qui
506 1917 543 1982 de
565 1919 654 2000 parte
675 1914 845 1982 Alexandri
868 1917 951 2000 sunt,
975 1931 1105 1999 magnas
1128 1913 1224 1980 etiam
1245 1913 1308 1998 ipsi

99 2030 266 2112 etgraves
288 2044 399 2094 causas
420 2027 564 2094 electioni
584 2027 617 2092 in
641 2025 845 2094 Octauianum
868 2028 968 2094 factae
991 2025 1163 2110 opponunt.
1198 2022 1306 2088 Prim0

99 2139 245 2206 videlicet
265 2138 303 2205 de
323 2141 441 2219 manto,
466 2140 549 2223 quod
570 2139 712 2206 Rulando
743 2139 888 2204 canonica
910 2140 1007 2206 electo
1031 2155 1050 2203 a
1074 2136 1236 2205 Romanae
1258 2152 1308 2198 ec·

99 2252 212 2318 clesiae
234 2250 451 2318 archidiacono
475 2249 631 2332 oblatum,
655 2269 728 2316 oum
750 2269 823 2316 eum
844 2251 884 2314 ad
905 2249 1016 2315 horam
1038 2246 1158 2313 renisus
1181 2262 1217 2310 ac
1238 2247 1308 2310 tan·

99 2364 171 2428 dem
202 2362 400 2429 consentiens
432 2362 519 2428 indui
551 2362 687 2445 coeperit
710 2359 898 2428 Octauianus
931 2359 1067 2446 propriis
1101 2356 1246 2424 manibus
1269 2355 1307 2420 de

98 2473 178 2538 collo
202 2471 272 2556 ejus
295 2473 464 2558 sacrilegus
486 2474 633 2559 rapuerit,
669 2474 814 2558 quodque
845 2474 907 2538 alio
945 2475 1054 2538 mento
1078 2472 1229 2537 dedomo
1251 2485 1308 2534 sua

97 2585 194 2650 allato
216 2583 287 2670 ipse
309 2602 329 2650 1
349 2584 484 2671 propriis
508 2584 675 2669 capellanis
697 2602 776 2651 ausu
798 2585 952 2670 sacrilego
975 2583 1106 2650 vestitus
1122 2582 1173 2648 sit.
1206 2579 1307 2664 Ajunt

98 2699 273 2783 praeterea,
298 2695 380 2781 qnod
402 2713 421 2760 a
442 2695 563 2762 dnobus
587 2698 661 2763 solis
684 2695 902 2777 cardinalibus,
931 2715 987 2781 per
1009 2694 1156 2780 spiritum
1178 2694 1306 2758 conten·

97 2809 193 2876 tionis
228 2812 422 2894 assumptae,
455 2809 614 2892 legitimos
649 2812 878 2875 consecratores
912 2811 944 2874 et
973 2805 1144 2890 antiquitus
1180 2805 1307 2886 propter

98 2922 238 2988 schisma
260 2921 433 2988 cavendum
454 2919 617 2986 institutos
632 2937 694 2986 non
708 2917 861 2999 habuerit,
885 2918 940 2984 sed
956 2925 1028 3001 post
1043 2912 1307 2982 consecrationem

99 3031 270 3098 Alexandri
292 3052 347 3118 per
368 3033 526 3118 legitimos
549 3032 667 3099 factam
697 3032 861 3117 episcopos
884 3031 950 3114 ipse
971 3029 1092 3111 integro
1116 3025 1180 3091 fero
1199 3042 1307 3090 mense

98 3144 288 3232 interposito
309 3162 329 3209 a
350 3144 472 3210 duobus
494 3145 569 3211 solis
593 3142 904 3230 comprovincialibus
928 3141 1083 3227 episcopis
1106 3135 1307 3204 emendicatis

99 3276 161 3323 non
180 3261 249 3322 tam
273 3259 470 3322 consecratus
504 3245 600 3340 quam
629 3257 817 3323 dissecratns
841 3256 891 3321 sit.
936 3255 982 3318 At
1002 3251 1037 3316 hi
1059 3251 1112 3335 qni
1147 3249 1185 3313 de
1217 3249 1307 3333 parto

100 3367 264 3436 Octauiani
287 3369 370 3446 sunt,
403 3385 461 3452 pro
484 3365 605 3434 duobus
629 3367 713 3448 solis,
736 3366 818 3451 qnod
840 3366 884 3430 eis
909 3363 1064 3448 objicitur,
1099 3356 1305 3426 cardinalibus

99 3479 287 3546 electoribus
320 3481 384 3545 tres
418 3478 572 3564 exhibent,
611 3498 687 3564 quor
712 3480 806 3546 etiam
830 3477 971 3564 quamvis
993 3475 1154 3563 pauciores
1175 3491 1306 3538 numero

98 3592 257 3658 saniorem
278 3587 415 3656 fatentur
436 3592 577 3675 partem,
601 3610 636 3657 eo
661 3591 742 3676 quod
764 3609 783 3656 a
805 3587 1034 3676 conspiratione
1056 3587 1119 3666 illa,
1143 3601 1238 3668 quam
1259 3582 1306 3648 di·

98 3706 183 3784 onnt,
207 3702 364 3768 immunes
385 3701 564 3768 libertatem
586 3702 745 3770 electionis
768 3700 942 3782 habuerint,
966 3699 1100 3766 aliorum
1118 3714 1190 3762 uero
1207 3693 1307 3760 cardi·

98 3816 218 3880 natium
240 3832 407 3880 numerum
437 3814 559 3880 nullum
581 3816 737 3898 reputant,
759 3831 837 3896 qnos
858 3813 933 3878 nota
947 3807 973 3895 ³)
996 3807 1099 3892 ejusce
1121 3805 1307 3893 conspirati-

99 3926 167 3991 onis
190 3925 241 3992 vel
263 3923 486 4010 conjurationis
508 3923 701 4010 resperserit,
737 3941 813 4007 quos
847 3923 954 3989 eadem
988 3939 1111 4006 quoque
1133 3917 1305 4004 conjuratio

98 4034 277 4102 libertatem
299 4039 331 4101 et
351 4037 520 4120 puritatem
542 4037 575 4101 in
597 4035 736 4120 eligendo
758 4032 873 4101 habere
895 4050 989 4118 passa
1010 4050 1073 4098 non
1096 4031 1147 4112 sit,
1171 4030 1226 4097 sed
1242 4046 1304 4108 eos,

104 4181 354 4192 -—-....-—--—-

204 4250 223 4321 ¹)
243 4251 300 4308 cod.
320 4251 426 4306 obtinet.

203 4349 224 4420 ¹)
243 4349 304 4404 uide
322 4349 394 4417 apud
412 4351 517 4405 Grstser
536 4347 584 4417 Op.
604 4363 669 4405 omn.
690 4353 749 4404 tom.
770 4347 816 4402 VI.
836 4362 894 4415 pag.
914 4345 976 4401 587.
997 4347 1023 4402 5.

203 4447 225 4518 ¹)
243 4449 299 4504 cod.
319 4452 411 4502 notam
