3168 5214
650 815 761 884 cap.
780 815 987 872 LXVIII.
1095 807 1100 814 '

215 935 262 1006 De
283 935 473 1006 1111111111
492 936 586 1006 tertii
608 939 692 1006 ooeli
712 957 751 1008 aa
772 938 920 1028 paradisi
934 940 968 1008 ot
982 938 1059 1028 quid
1079 939 1212 1028 proprie
1233 938 1421 1028 paradisus.

315 1125 580 1212 1111111111
613 1128 773 1210 apostolus
807 1128 1023 1212 experimentis
1056 1129 1185 1194 odootus
1222 1126 1355 1194 disorete
1376 1129 1423 1194 de

214 1240 348 1323 utroque
379 1242 473 1321 raptu
503 1237 634 1321 loquens
667 1237 856 1305 differentias
889 1239 970 1306 inter
1004 1240 1184 1323 paradisum
1215 1257 1253 1306 11
1284 1239 1420 1306 tertium

215 1351 337 1417 coelum
359 1368 428 1416 1111
450 1349 570 1432 doouit,
594 1347 684 1415 uobis
708 1368 840 1435 quoque,
863 1349 925 1415 nisi
946 1352 1030 1433 quod
1064 1350 1160 1416 111111
1192 1351 1349 1436 mysteriis
1370 1352 1423 1417 lo-

216 1461 345 1550 quendis
379 1479 488 1526 sumus
520 1460 651 1545 indigni,
673 1461 755 1527 inter
790 1465 959 1545 utmmqno
990 1462 1113 1528 lioitum
1146 1463 1188 1528 sit
1221 1461 1416 1528 differentias

214 1574 390 1654 aestimare,
423 1571 468 1638 sio
497 1574 612 1653 tamen,
645 1575 681 1637 ut
710 1573 888 1640 aestimatio
922 1576 1030 1639 nostra
1052 1575 1222 1638 seeundum
1244 1574 1420 1658 seriptmas

214 1689 267 1754 sit.
288 1684 398 1770 ltaque
426 1681 589 1768 paradisus
617 1683 740 1750 dicatur
761 1684 872 1750 hortus
894 1687 926 1750 et
947 1685 1034 1750 loous
1058 1685 1176 1750 delioiis
1200 1683 1420 1769 spiritualibus

213 1793 358 1874 roiertus,
381 1793 435 1878 qui
457 1790 621 1859 animabus
642 1793 715 1859 hino
737 1794 970 1860 transeuntibus
993 1799 1024 1860 11
1046 1794 1227 1879 corporibus
1249 1813 1421 1879 resurgen-

213 1906 295 1974 tium
316 1922 354 1972 ao
376 1902 518 1970 sensibus
552 1923 660 1970 eorum
697 1905 912 1990 spiritualibus
934 1906 1088 1990 repositus
1111 1923 1147 1971 11
1168 1910 1375 1992 praeparatus
1398 1924 1422 1972 a

214 2017 281 2084 Deo
304 2019 370 2097 oet,
393 2015 427 2080 iu
450 2032 510 2100 quo
533 2014 677 2080 videntur
698 2017 832 2082 visiones
851 2015 998 2083 coelestes
1021 2017 1141 2081 animas
1164 2017 1295 2101 desuper
1317 2019 1421 2085 eoele-

214 2126 315 2194 stibue
338 2126 465 2192 seoretis
498 2144 553 2210 por
570 2125 722 2210 imagines
745 2128 967 2212 theophanioas
1004 2127 1082 2192 miro
1105 2127 1277 2192 afficientes
1300 2129 1422 2212 pariter

214 2241 246 2306 et
266 2239 471 2317 instruentes,
494 2235 606 2321 inquo
630 2239 797 2304 audiuntur
819 2240 939 2305 oantioa
960 2240 1102 2324 angelica
1123 2239 1243 2304 animas
1266 2240 1343 2306 miro
1367 2240 1419 2305 ai·

212 2349 347 2417 11111111
369 2350 400 2414 11
421 2348 461 2412 ad
483 2345 738 2431 conjubilandum
760 2367 811 2415 eas
825 2350 998 2416 ¹enoitantia
1014 2353 1045 2414 et
1059 2350 1272 2435 provocantia,
1294 2351 1419 2435 spirant

213 2479 303 2528 nares
317 2478 409 2527 aurae
427 2458 538 2524 uitales
553 2475 590 2524 ao
605 2459 770 2526 mellifluas
786 2459 926 2524 omnium
943 2460 1216 2526 odoramentorum
1232 2461 1418 2566 opelestium

214 2571 332 2638 dolioiis
353 2571 471 2655 plenas,
507 2569 592 2656 sapit
624 2572 736 2655 gustus
768 2569 856 2652 panis
879 2572 1060 2653 angelorum
1093 2567 1144 2634 hio
1165 2569 1196 2634 in
1220 2575 1418 2638 seoramento

213 2681 408 2770 praegustati
429 2681 541 2748 miram
564 2680 768 2763 suavitatem,
792 2680 941 2746 virtutem
963 2683 994 2746 ot
1017 2680 1168 2764 gratiam,
1192 2683 1288 2747 sentit
1310 2686 1417 2749 taetus

214 2793 310 2860 diuini
326 2837 334 2862 ·„
342 2792 457 2858 amoris
490 2793 598 2875 utpote
631 2791 737 2875 sponsi
769 2791 903 2876 legitimi
932 2792 965 2856 in
986 2792 1169 2858 rationalem
1182 2794 1206 2879 ¹)
1240 2798 1417 2860 ereaturam

213 2922 360 2989 sponsam
382 2920 472 2969 suam
493 2904 606 2968 miram
629 2902 818 2968 suavitatem
837 2906 870 2968 ot
884 2903 1065 2984 efficaciam,
1085 2907 1210 2988 qualem
1225 2905 1275 2970 hio
1291 2923 1419 2989 sponsa,

214 3017 386 3102 praeelecta
407 3013 549 3080 videlieet
571 3013 686 3095 anima,
709 3015 919 3097 praesentiens
941 3015 973 3080 in
996 3015 1112 3080 amoris
1136 3016 1255 3082 oantioo
1278 3015 1419 3100 loquitur

214 3127 337 3193 dioens:
359 3124 539 3192 Dileotus
562 3143 671 3190 meus
695 3125 810 3190 misit
830 3143 988 3192 manum
1011 3145 1123 3191 suam
1145 3146 1214 3210 per
1236 3125 1419 3193 foramen

215 3239 252 3304 et
272 3238 405 3302 ventor
427 3254 534 3300 meus
556 3235 777 3300 intremuit
798 3237 846 3300 ad
866 3239 1019 3302 tautum
1041 3237 1168 3323 ejus.²)
1193 3236 1418 3303 AnimaVerbi

215 3346 275 3414 Dei
297 3366 330 3413 11
351 3345 508 3432 diligentis
541 3363 578 3411 ao
605 3345 710 3412 dileoti
732 3347 948 3430 experimentis
984 3349 1093 3415 edoota
1113 3349 1174 3415 soit
1195 3368 1276 3433 quae
1293 3352 1418 3434 loquor,

215 3457 303 3524 nouit
334 3458 416 3523 huno
448 3475 560 3522 manus
583 3455 680 3522 Verbi
711 3460 875 3538 attactum,
907 3460 994 3525 novit
1027 3460 1168 3526 divinum
1189 3461 1280 3526 illum
1299 3462 1418 3527 ventris

216 3567 265 3634 sui
298 3570 481 3647 tremorem,
515 3567 603 3631 nouit
624 3569 656 3632 et
677 3566 814 3634 fruotum
836 3572 868 3636 11
890 3569 1035 3636 effoetum
1069 3591 1105 3636 11
1138 3572 1193 3637 tali
1226 3575 1349 3639 attactu
1382 3591 1419 3638 11

216 3678 350 3744 tremore
371 3677 615 3763 provenientem.
659 3679 751 3744 Hune
774 3680 856 3744 enim
886 3679 989 3747 verbis
1022 3680 1285 3766 subsequentibus
1309 3681 1419 3749 eadem

217 3805 331 3872 sponsa
353 3788 497 3871 exprimit
520 3788 641 3855 dioens:
667 3785 845 3870 Surrexi,
868 3793 908 3855 ut
930 3791 1129 3875 aperirem
1151 3792 1303 3858 dileoto
1326 3812 1418 3873 meo,

217 3916 347 3967 manus
379 3917 487 3966 meae
509 3900 784 3967 stillaverunt
806 3901 1019 3986 myrrham,
1054 3903 1174 3988 digiti
1207 3904 1282 3969 mei
1303 3905 1420 3988 ploni

217 4010 382 4097 myrrha
406 4009 719 4098 probatissima.
750 4014 960 4079 Pessulum
983 4013 1082 4080 ostii
1103 4015 1180 4081 mei
1201 4016 1340 4100 aperui
1362 4016 1421 4082 di-

217 4123 316 4190 11111
339 4141 421 4192 meo
444 4127 484 4189 at
504 4124 574 4191 ille
596 4125 877 4193 declinaverat
897 4127 1022 4207 atque
1044 4127 1314 4214 transieram)
1345 4127 1418 4194 Non

218 4236 301 4306 enim
323 4229 437 4322 negare
460 4237 543 4304 valet
565 4237 638 4304 talis
671 4238 775 4306 anima
796 4239 829 4304 in
851 4236 1116 4304 benedictionibus
1138 4238 1309 4306 dulcedinis
1331 4257 1422 4326 prae-

320 4501 341 4572 ι)
358 4503 415 4558 ood.
433 4503 543 4569 legitimi
561 4502 744 4558 irrationalem.
767 4529 800 4544 -
822 4503 841 4569 ¹)
862 4499 935 4558 Cant.
955 4501 981 4559 5.
1000 4499 1026 4558 4.
1048 4530 1080 4543 -
1104 4501 1125 4568 ³)
1145 4502 1208 4558 Ibid
1226 4499 1252 4558 d.
1271 4501 1299 4557 5.
1319 4500 1346 4558 6.
