3158 5212
232 410 251 474 8
702 428 709 443 ’
1520 416 1523 508 1

231 580 363 664 apertis,
387 578 591 645 abundanter
613 577 714 642 effuso
738 575 887 661 perfusus
910 583 959 643 est
978 577 1112 660 ipseque
1127 574 1242 641 videns
1265 575 1446 660 aspergine

231 684 432 767 guttularum
442 680 467 767 ¹)
500 683 533 748 in
556 702 590 747 se
614 682 780 746 exaltare
804 681 1001 745 venientium
1032 700 1097 744 non
1119 681 1234 745 leviter
1256 687 1306 745 est
1328 686 1445 764 stupe·
1523 624 1525 720 1

232 787 347 853 factus.
392 788 558 869 litusque
581 785 677 851 hodie
700 785 808 850 fervor
841 785 946 850 sancti
978 785 1040 850 zeli
1062 804 1121 850 nec
1143 805 1208 850 non
1231 785 1337 869 gratia
1360 784 1445 849 scri·
1524 830 1527 920 1

231 888 330 955 bendi
359 890 393 955 in
426 889 541 956 eodem
564 888 604 954 de
628 909 691 972 quo
713 889 875 970 loquimur
897 887 1063 972 theophilo
1098 907 1173 954 vere
1196 889 1268 954 oleo
1290 887 1445 953 laetitiae
1527 932 1528 1010 ,

233 1000 388 1077 peruncto
412 999 607 1078 perseverat.
633 993 724 1058 Idem
747 993 875 1058 furtivis
897 993 1047 1077 precibus
1070 995 1212 1060 intentus
1236 1014 1307 1059 cum
1331 999 1447 1057 oraret
1528 1036 1529 1108 ,

232 1098 386 1183 expansis
423 1099 572 1164 manibus
594 1098 765 1162 dulcedine
789 1097 929 1161 mirabili
957 1098 1108 1182 perfusus
1137 1099 1255 1164 faciem
1277 1116 1370 1162 suam
1393 1095 1446 1159 ita
1529 1140 1530 1204 ,

233 1201 410 1268 scintillare
426 1203 595 1288 persensit,
620 1209 656 1267 ut
678 1201 1006 1285 quantulumcumque
1022 1202 1093 1267 Deo
1118 1202 1259 1267 donante
1274 1198 1446 1283 acceperit
1530 1242 1531 1302 ,

234 1307 490 1391 experimentum
502 1308 630 1371 illarum
646 1306 859 1371 scintillarum
872 1303 912 1368 de
924 1305 1186 1387 quibusdicitur:
1211 1304 1445 1387 fulgebunt
1531 1346 1532 1392 ,

230 1410 341 1494 justi
365 1416 405 1476 et
428 1417 636 1493 tamquam
669 1408 896 1496 scintillae
928 1410 970 1474 in
992 1410 1250 1476 arundineto
1273 1408 1443 1474 (1111111-
1532 1450 1533 1490 ,

234 1511 371 1599 renti)
417 1517 517 1582 Item:
540 1515 647 1580 Dorsa
670 1534 781 1578 corum
802 1513 901 1598 plena
924 1520 999 1579 sunt
1029 1514 1131 1580 oculis
1161 1520 1194 1578 et
1216 1512 1378 1579 scintillae
1401 1529 1444 1574 ao
1533 1552 1534 1592 1

234 1617 402 1702 lampades
432 1619 466 1683 in
495 1619 603 1682 medio
626 1617 723 1684 dorsi.
757 1617 906 1699 Denique
940 1618 1057 1684 abhinc
1090 1618 1177 1683 idem
1209 1616 1443 1702 philochristus
1534 1655 1535 1682 1

234 1721 372 1806 impiger
395 1722 456 1788 fuit
479 1722 521 1787 ad
550 1721 795 1789 discurrendum
817 1728 850 1786 et
872 1722 1114 1788 scintillandum
1135 1743 1194 1807 pro
1217 1720 1348 1786 modulo
1382 1741 1444 1786 suo
1535 1759 1536 1804 3

236 1824 270 1889 in
292 1824 486 1891 arundineto
521 1826 631 1890 mundi
655 1826 760 1910 hujus.
806 1827 848 1891 llt
869 1825 951 1890 haec
976 1847 1034 1910 pro
1058 1847 1096 1892 eo
1120 1826 1274 1907 dixerim,
1298 1825 1386 1907 quod
1409 1831 1445 1889 et

234 1934 345 1994 nostro
367 1935 512 2014 tempore
534 1931 618 1995 tales
640 1950 796 2014 personas
818 1950 883 1994 non
906 1929 1019 1995 deesse
1042 1929 1244 2010 crediderim,
1268 1949 1352 2012 quae
1374 1930 1443 1996 Do-

235 2030 357 2096 minum
380 2032 421 2098 de
444 2034 578 2098 secretis
594 2034 789 2098 coelestibus
812 2039 844 2098 11
866 2035 1098 2119 scripturarum
1132 2035 1320 2120 impletione
1343 2035 1442 2098 inter·

235 2156 352 2219 rogare
367 2157 438 2202 cum
456 2137 605 2204 Johanne
628 2137 761 2203 valeant
777 2144 810 2203 et
826 2136 866 2202 de
883 2139 1033 2219 qualibus
1048 2139 1207 2205 Dominus
1224 2137 1327 2203 dicat:
1351 2157 1444 2202 num

235 2239 376 2306 celare
413 2248 562 2326 potero
599 2243 830 2323 Abraham,
869 2261 974 2325 quae
1012 2247 1214 2326 gesturus
1251 2261 1337 2307 sum
1373 2242 1443 2308 vel

236 2361 342 2424 qnae
374 2345 639 2432 gesserim?³)
684 2346 750 2412 Sed
773 2344 851 2429 quid
873 2344 954 2410 haec
988 2346 1031 2411 ad
1053 2365 1105 2410 me
1127 2344 1289 2410 hominem
1311 2344 1444 2427 ingenio

234 2465 422 2532 pauperem,
445 2448 577 2516 miseria
599 2451 749 2533 obsitum,
784 2451 970 2534 ignorantia
1004 2449 1202 2532 obvolutum,
1226 2467 1373 2514 sermone
1395 2448 1444 2512 in·

236 2550 357 2615 cultum
391 2559 424 2619 11
456 2554 577 2620 nullius
610 2554 688 2620 mihi
723 2576 764 2620 111
787 2574 838 2619 me
860 2553 1026 2619 facultatis
1061 2559 1094 2618 et
1127 2553 1253 2637 gratiae
1284 2552 1444 2636 ejusmodi

236 2655 422 2721 conscium?
444 2658 531 2723 Num
554 2679 630 2726 vero
654 2660 774 2726 idcirco
797 2658 1010 2745 postulationi
1032 2664 1108 2722 tuae
1125 2656 1306 2722 detrectare
1330 2656 1444 2738 debeo,

238 2760 423 2842 quaemihi
456 2784 515 2848 pro
550 2763 659 2830 divino
694 2765 791 2831 debet
823 2782 894 2828 esse
925 2763 1065 2845 oraculo,
1101 2760 1188 2844 quod
1210 2781 1274 2826 non
1298 2761 1340 2825 sit
1363 2760 1442 2825 mihi

238 2863 395 2930 auxilium
427 2867 461 2931 in
484 2887 535 2933 me
558 2876 590 2934 et
612 2890 676 2934 non
699 2870 808 2952 potius
842 2867 883 2931 de
916 2867 1113 2951 postulantis
1149 2865 1213 2930 fide
1247 2871 1280 2929 et
1298 2865 1445 2949 jubentis

239 2969 434 3036 auctoritate
465 2973 627 3038 confidere
660 2972 693 3036 in
727 2972 867 3037 Domino
902 2969 987 3035 tunde
1018 2970 1129 3036 veniat
1161 2970 1319 3035 auxilium
1356 2968 1444 3051 mihi,

240 3070 293 3153 qui
311 3073 622 3142 etclamatdicens:
646 3077 680 3142 si
704 3076 797 3159 quis
820 3075 918 3140 sitit
939 3075 1086 3140 veniat
1108 3074 1158 3139 ad
1181 3094 1240 3139 me
1263 3082 1303 3141 et
1325 3074 1445 3141 bibat

240 3183 280 3241 et
303 3176 351 3242 do
373 3185 522 3246 ventre
545 3181 638 3264 ejus
661 3181 801 3246 fluent
820 3199 954 3262 aquae
977 3177 1155 3264 vivae,⁴)
1179 3179 1234 3262 qni
1260 3179 1366 3264 aperit
1389 3199 1446 3244 ora

240 3287 443 3347 mutorum
478 3290 518 3348 et
541 3285 713 3368 linguas
746 3285 975 3349 infantium
1010 3283 1119 3348 facit
1149 3281 1381 3369 disertas,⁵)
1404 3302 1444 3348 ne

241 3383 325 3450 forte
362 3393 395 3451 et
417 3387 590 3471 objiciatur
611 3388 700 3470 mihi,
739 3388 825 3472 quod
847 3389 937 3473 prius
960 3407 1087 3472 quoque
1110 3389 1143 3453 in
1166 3389 1280 3454 cadem
1309 3389 1445 3453 materia

242 3497 395 3574 operatus
428 3492 489 3556 sim
511 3499 545 3557 et
567 3495 706 3558 Domino
730 3503 924 3578 cooperante
958 3513 1039 3577 opus
1070 3493 1196 3558 domnis
1220 3493 1319 3558 etiam
1342 3492 1443 3558 cardi·

242 3593 371 3660 nahbus
382 3595 460 3661 viris
472 3596 621 3662 nimirum
632 3597 877 3664 litteratissimis
893 3616 932 3661 ac
953 3596 1167 3683 prudentibus
1189 3598 1250 3663 Hu
1257 3597 1357 3681 goni
1379 3617 1444 3661 ma·

242 3697 328 3762 xime
341 3706 373 3764 et
385 3701 406 3765 J
414 3699 508 3764 acin
517 3720 533 3764 c
542 3706 582 3766 to
595 3713 724 3784 gratum
736 3701 946 3767 confecerim?
959 3702 1142 3787 Aggrediar
1157 3702 1257 3786 igitur
1264 3701 1403 3767 scribere
1413 3706 1444 3764 et

245 3803 415 3868 scribendo
431 3803 680 3889 deperditionis
702 3806 768 3870 filio
793 3806 992 3889 investigare
1014 3827 1075 3890 ego
1091 3807 1168 3872 licet
1183 3807 1320 3871 multum
1336 3805 1445 3890 dispar

243 3929 264 3972 a
286 3907 445 3992 discipulo
469 3929 563 3991 quem
587 3909 744 3993 diligebat
767 3911 863 3976 Jesus
893 3917 949 3974 tuo
973 3916 1085 3976 sancto
1108 3909 1240 3976 hortatu
1269 3914 1444 3994 praeeunte

249 4073 376 4080 ..-—....,....-.
394 4071 494 4078 .»..-,..

348 4135 367 4205 ¹)
386 4136 442 4189 cod.
462 4135 627 4188 cuttularum.

389 4236 448 4301 Sap.
467 4234 492 4288 3.
512 4234 538 4288 7.

346 4435 357 4466 ⁴
387 4433 444 4486 Joh.
465 4433 491 4487 ’1.
510 4431 554 4484 38.

347 4239 357 4270 1

347 4239 451 4403 1111111.
472 4333 514 4386 18,
538 4331 578 4383 17.

350 4432 369 4598 51
389 4529 448 4596 Sap.
472 4529 513 4586 10.
533 4529 577 4584 21.
