3158 5212
700 886 807 954 cap.
828 850 985 941 xxiv.

440 1006 612 1076 lisinniens
633 1009 762 1076 levatur
783 1009 818 1076 in
838 1026 950 1095 rogem
969 1008 1083 1076 eontra
1101 1007 1237 1096 patrem.

340 1195 462 1262 Interea
477 1201 500 1280 ¹)
524 1196 779 1282 quamplurimis
802 1195 1048 1281 exprincipibus
1071 1195 1201 1280 aliisque
1223 1193 1297 1260 viris
1310 1191 1435 1259 uirtutis

240 1309 427 1375 sententiam
459 1307 782 1375 excommunicationis
819 1305 1058 1372 formidantibus
1093 1309 1124 1372 et
1146 1326 1218 1373 cnm
1242 1305 1371 1372 ecclesia
1405 1307 1437 1370 et

236 1439 292 1504 pro
316 1421 445 1486 ecclesia
467 1419 670 1486 sentientibus
693 1417 810 1485 Urbani
846 1420 966 1503 quoqne
1002 1435 1099 1502 papae
1122 1417 1248 1483 hortatu
1271 1417 1434 1483 accedente

237 1531 433 1613 complacuit,
458 1529 812 1616 quatenusHeinricum,
836 1529 936 1594 filium
946 1527 1093 1611 Heinrici,
1117 1529 1254 1593 levarent
1268 1527 1301 1592 in
1315 1545 1435 1613 regem;

237 1643 406 1726 sperantes,
430 1660 463 1710 se
484 1662 540 1728 per
560 1643 661 1710 filium
682 1640 822 1725 legitime
843 1642 1027 1724 regnantem
1047 1657 1139 1723 posse
1160 1637 1258 1722 patris
1281 1636 1436 1722 tyrannidi

240 1753 394 1834 resistere,
432 1753 514 1837 quod
536 1755 567 1818 et
588 1750 707 1817 factum
730 1753 786 1818 est.
831 1739 950 1815 Levato
974 1766 1047 1814 sane
1069 1748 1133 1816 filio
1166 1749 1199 1813 in
1220 1767 1326 1834 regem
1349 1752 1380 1814 et
1401 1750 1433 1816 in

236 1863 397 1930 ciuitatem
418 1864 623 1931 Ratisbonam
646 1862 785 1928 tendenti
806 1864 894 1946 pater
916 1879 987 1928 oum
1009 1860 1208 1926 mult'tudine
1230 1865 1432 1944 armatorum,

235 1977 312 2042 duce
334 1975 480 2042 Boemieo
523 1979 555 2040 et
576 1973 753 2039 marchione
786 1972 951 2057 superioris
980 1973 1157 2064 Pannoniae
1189 1972 1250 2056 ipsi
1282 1971 1432 2038 auxilinm

234 2085 422 2167 ferentibus,
455 2085 590 2151 ooourrit
611 2085 665 2150 sed
686 2101 808 2168 pugnae
830 2101 1014 2168 congressus
1037 2083 1140 2164 fluuio,
1164 2084 1216 2169 qui
1238 2083 1365 2169 Regin
1386 2083 1433 2148 di·

234 2196 323 2277 citur,
345 2197 533 2280 interceptus
556 2197 612 2260 cst.
656 2196 741 2260 Dum
762 2214 833 2261 uero
856 2213 944 2262 mora
965 2196 1172 2279 interponitur
1193 2195 1345 2279 principes
1364 2193 1431 2278 jam

233 2306 309 2372 dicti
342 2306 528 2391 quibusdam
561 2305 778 2390 sponsionibus
811 2306 945 2390 acceptis
968 2307 1006 2371 de
1026 2309 1115 2390 parte
1136 2306 1233 2389 patris
1268 2306 1308 2370 ad
1330 2304 1430 2371 filium

233 2419 413 2497 concedunt,
436 2421 529 2501 atque
551 2437 587 2482 er
610 2420 685 2483 tunc
704 2421 793 2501 pater
814 2417 977 2483 Heinricns
1000 2416 1177 2501 fugabatur,
1214 2414 1432 2501 inpingebatur

231 2528 437 2608 minuebatur,
460 2529 504 2593 ita
526 2531 562 2593 nt
583 2528 761 2613 principum
783 2528 905 2612 penitus
928 2527 1089 2593 distitntus
1104 2527 1291 2593 auxiliofilio
1304 2527 1430 2592 tandem

231 2657 337 2722 preces
360 2642 453 2724 atque
475 2640 717 2726 supplicationes
751 2639 921 2723 porrigeret
944 2641 1094 2722 quatenns
1118 2638 1146 2703 ei
1167 2639 1287 2721 private
1309 2636 1431 2704 uiuendi

232 2750 381 2816 securitas
415 2752 653 2830 concederetur3
691 2750 869 2834 factumque
903 2754 971 2830 est,
988 2753 1012 2832 e)
1047 2755 1083 2816 ut
1118 2750 1151 2814 in
1174 2748 1287 2816 celebri
1309 2767 1430 2833 quoqne

231 2861 316 2927 ouria
338 2878 484 2926 coronam
505 2861 698 2945 imperialem
718 2862 890 2946 resignaret
911 2865 1019 2945 petens
1042 2864 1082 2929 ab
1104 2861 1428 2940 excommunicatione,

231 2990 291 3055 qna
313 2972 494 3050 tenebatur,
517 2971 637 3036 absolvi
660 2975 691 3037 et
714 2971 937 3037 ecclesiasticae
960 2972 1170 3040 communioni
1191 2970 1322 3039 restitui.
1369 2971 1429 3038 Sed

231 3081 390 3166 petitionis
413 3081 558 3146 effectum
580 3086 764 3148 consecutus
785 3100 849 3147 non
871 3087 927 3165 est,
951 3083 1132 3150 timentibus
1154 3081 1302 3149 nimirum
1325 3085 1357 3147 et
1379 3099 1428 3148 ca·

230 3193 375 3258 uentibus
398 3191 558 3257 catholicis
579 3210 619 3258 ne
640 3191 721 3258 forte
750 3195 912 3260 absolutus
935 3195 1039 3279 alique
1061 3195 1208 3261 ecclesiae
1229 3195 1278 3260 uel
1298 3193 1427 3278 imperio

231 3303 386 3368 contraria
419 3303 588 3368 moliretur.
633 3302 722 3369 Unde
755 3307 786 3369 et
820 3303 936 3388 absque
975 3306 1191 3371 communione
1224 3307 1365 3370 servatur
1396 3304 1428 3369 in

233 3412 367 3497 quodam
389 3416 490 3479 castro
530 3415 707 3478 intantum
743 3414 960 3482 abominabilis
998 3417 1136 3497 effectus,
1159 3419 1196 3482 nt
1216 3415 1361 3500 reliquias
1384 3416 1429 3480 oi·

230 3521 342 3588 borum
380 3522 461 3607 ejus,
498 3542 554 3607 pro
591 3527 807 3592 communione
842 3528 989 3594 videlicet
1025 3530 1171 3595 ecclesiae
1208 3526 1427 3605 conservanda,

231 3633 326 3698 etiam
359 3633 517 3717 garziones
562 3653 598 3700 ao
634 3637 755 3701 minimi
777 3639 864 3720 pueri
897 3657 959 3704 non
982 3641 1197 3724 contingerent
1219 3640 1273 3704 sed
1296 3637 1425 3705 canibus

228 3745 296 3827 ipso
318 3744 440 3809 uidente
461 3744 655 3830 projicerent.
679 3748 825 3814 Testatur
843 3751 919 3816 haec
942 3751 1073 3835 epistola
1093 3751 1133 3816 ab
1152 3770 1187 3816 eo
1210 3750 1249 3815 ad
1271 3749 1425 3833 principes

228 3854 325 3920 missa
346 3855 384 3920 de
403 3855 470 3938 ipsa
503 3873 563 3939 qna
585 3855 748 3924 tenebatur
770 3862 918 3943 custodia,
941 3847 974 3928 in
1004 3881 1064 3947 qua
1086 3868 1118 3930 et
1139 3865 1198 3929 hoc
1219 3861 1301 3926 inter
1323 3862 1425 3926 cetera

228 3966 425 4030 lamentando
449 3967 663 4051 conqueritur:
703 3976 784 4054 qnod
819 3972 870 4050 „in
890 3979 996 4041 sancta
1018 3977 1131 4041 natalis
1165 3975 1312 4041 dominici
1333 3977 1425 4040 nocte

229 4076 373 4143 omnibns
396 4076 580 4144 Christianis
612 4081 651 4145 ad
673 4083 818 4148 ccclesias
852 4083 1072 4152 festinantibus
1106 4089 1137 4152 et
1170 4103 1258 4152 sacra
1276 4085 1426 4171 mysteria

226 4186 484 4271 participantibus
507 4188 659 4272 christus,
693 4193 746 4277 qui
779 4195 923 4262 omnibus
942 4198 981 4262 ad
1004 4199 1138 4263 salutem
1160 4201 1208 4264 est
1226 4200 1329 4276 uatus,
1366 4195 1426 4262 eibi

330 4425 349 4493 ¹)
369 4427 429 4480 uide
448 4425 565 4483 Chronio.
586 4430 783 4498 Reiehersberg.
805 4433 838 4485 ad
857 4447 881 4488 a.
902 4433 982 4489 1104.

328 4522 349 4594 ²)
368 4525 471 4580 Abhinc
490 4529 517 4581 in
536 4525 652 4586 Chronic.
672 4530 821 4586 Reiohersb.
842 4532 890 4585 sub
909 4549 974 4586 anno
994 4531 1073 4590 1105.
