<?xml version="1.0" encoding="UTF-8"?>
<!DOCTYPE html PUBLIC "-//W3C//DTD XHTML 1.0 Transitional//EN"
    "http://www.w3.org/TR/xhtml1/DTD/xhtml1-transitional.dtd">
<html xmlns="http://www.w3.org/1999/xhtml" xml:lang="en" lang="en">
 <head>
  <title>
</title>
<meta http-equiv="Content-Type" content="text/html;charset=utf-8" />
  <meta name='ocr-system' content='tesseract 3.04.00' />
  <meta name='ocr-capabilities' content='ocr_page ocr_carea ocr_par ocr_line ocrx_word'/>
</head>
<body>
  <div class='ocr_page' id='page_1' title='image "./operahactenusin00schegoog_0126.png"; bbox 0 0 3172 5202; ppageno 0'>
   <div class='ocr_carea' id='block_1_1' title="bbox 1262 386 1320 452">
    <p class='ocr_par' dir='ltr' id='par_1_1' title="bbox 1262 386 1320 452">
     <span class='ocr_line' id='line_1_1' title="bbox 1262 386 1320 452; baseline -0.034 0"><span class='ocrx_word' id='word_1_1' title='bbox 1262 386 1320 452; x_wconf 88' lang='lat'>111</span> 
     </span>
    </p>
   </div>
   <div class='ocr_carea' id='block_1_2' title="bbox 112 553 1319 643">
    <p class='ocr_par' dir='ltr' id='par_1_2' title="bbox 112 553 1319 643">
     <span class='ocr_line' id='line_1_2' title="bbox 112 553 1319 643; baseline 0.005 -25"><span class='ocrx_word' id='word_1_2' title='bbox 112 553 323 636; x_wconf 77' lang='lat' dir='ltr'>supersident,</span> <span class='ocrx_word' id='word_1_3' title='bbox 345 570 408 618; x_wconf 92' lang='lat' dir='ltr'>non</span> <span class='ocrx_word' id='word_1_4' title='bbox 440 553 587 637; x_wconf 90' lang='lat' dir='ltr'>qnoniam</span> <span class='ocrx_word' id='word_1_5' title='bbox 617 553 661 619; x_wconf 90' lang='lat' dir='ltr'>eis</span> <span class='ocrx_word' id='word_1_6' title='bbox 690 554 786 619; x_wconf 86' lang='lat' dir='ltr'>falsas</span> <span class='ocrx_word' id='word_1_7' title='bbox 817 553 1039 640; x_wconf 80' lang='lat' dir='ltr'>appellationes</span> <span class='ocrx_word' id='word_1_8' title='bbox 1063 556 1226 639; x_wconf 89' lang='lat' dir='ltr'>spernendi</span> <span class='ocrx_word' id='word_1_9' title='bbox 1247 579 1319 643; x_wconf 92' lang='lat' dir='ltr'>pru-</span> 
     </span>
    </p>
   </div>
   <div class='ocr_carea' id='block_1_3' title="bbox 110 663 1327 4088">
    <p class='ocr_par' dir='ltr' id='par_1_3' title="bbox 110 663 1327 4088">
     <span class='ocr_line' id='line_1_3' title="bbox 112 663 1324 748; baseline 0.007 -20"><span class='ocrx_word' id='word_1_10' title='bbox 112 663 222 729; x_wconf 87' lang='lat' dir='ltr'>dantia</span> <span class='ocrx_word' id='word_1_11' title='bbox 245 664 335 744; x_wconf 90' lang='lat' dir='ltr'>desit,</span> <span class='ocrx_word' id='word_1_12' title='bbox 364 664 418 728; x_wconf 91' lang='lat' dir='ltr'>sed</span> <span class='ocrx_word' id='word_1_13' title='bbox 447 665 520 748; x_wconf 90' lang='lat' dir='ltr'>quia</span> <span class='ocrx_word' id='word_1_14' title='bbox 549 665 663 730; x_wconf 87' lang='lat' dir='ltr'>timent</span> <span class='ocrx_word' id='word_1_15' title='bbox 684 664 717 729; x_wconf 92' lang='lat' dir='ltr'>in</span> <span class='ocrx_word' id='word_1_16' title='bbox 739 684 772 729; x_wconf 92' lang='lat' dir='ltr'>se</span> <span class='ocrx_word' id='word_1_17' title='bbox 794 683 813 728; x_wconf 90' lang='lat' dir='ltr'>a</span> <span class='ocrx_word' id='word_1_18' title='bbox 834 665 986 730; x_wconf 85' lang='lat' dir='ltr'>Romanis</span> <span class='ocrx_word' id='word_1_19' title='bbox 1009 667 1215 733; x_wconf 90' lang='lat' dir='ltr'>Pontificibus</span> <span class='ocrx_word' id='word_1_20' title='bbox 1239 670 1324 736; x_wconf 86' lang='lat' dir='ltr'>velut</span> 
     </span>
     <span class='ocr_line' id='line_1_4' title="bbox 111 774 1325 868; baseline 0.002 -25"><span class='ocrx_word' id='word_1_21' title='bbox 111 777 148 842; x_wconf 91' lang='lat' dir='ltr'>in</span> <span class='ocrx_word' id='word_1_22' title='bbox 171 777 402 861; x_wconf 87' lang='lat' dir='ltr'>contemptores</span> <span class='ocrx_word' id='word_1_23' title='bbox 414 774 437 859; x_wconf 89' lang='grc'>1)</span> <span class='ocrx_word' id='word_1_24' title='bbox 460 775 619 868; x_wconf 84' lang='lat' dir='ltr'>vindicari,</span> <span class='ocrx_word' id='word_1_25' title='bbox 639 776 723 859; x_wconf 91' lang='lat' dir='ltr'>quod</span> <span class='ocrx_word' id='word_1_26' title='bbox 738 778 770 840; x_wconf 88' lang='lat' dir='ltr'>et</span> <span class='ocrx_word' id='word_1_27' title='bbox 784 794 874 859; x_wconf 91' lang='lat' dir='ltr'>saepe</span> <span class='ocrx_word' id='word_1_28' title='bbox 890 775 1008 841; x_wconf 87' lang='lat' dir='ltr'>factum</span> <span class='ocrx_word' id='word_1_29' title='bbox 1024 780 1080 841; x_wconf 89' lang='lat' dir='ltr'>est.</span> <span class='ocrx_word' id='word_1_30' title='bbox 1109 777 1159 843; x_wconf 89' lang='lat' dir='ltr'>Ita</span> <span class='ocrx_word' id='word_1_31' title='bbox 1188 781 1325 865; x_wconf 89' lang='lat' dir='ltr'>appella·</span> 
     </span>
     <span class='ocr_line' id='line_1_5' title="bbox 112 885 1324 958; baseline 0.003 -4"><span class='ocrx_word' id='word_1_32' title='bbox 112 889 239 954; x_wconf 88' lang='lat' dir='ltr'>tionum</span> <span class='ocrx_word' id='word_1_33' title='bbox 261 908 323 954; x_wconf 93' lang='lat' dir='ltr'>non</span> <span class='ocrx_word' id='word_1_34' title='bbox 344 889 448 954; x_wconf 91' lang='lat' dir='ltr'>solnm</span> <span class='ocrx_word' id='word_1_35' title='bbox 469 907 546 953; x_wconf 90' lang='lat' dir='ltr'>usus</span> <span class='ocrx_word' id='word_1_36' title='bbox 568 887 602 952; x_wconf 92' lang='lat' dir='ltr'>in</span> <span class='ocrx_word' id='word_1_37' title='bbox 624 885 815 952; x_wconf 88' lang='lat' dir='ltr'>contrarimn</span> <span class='ocrx_word' id='word_1_38' title='bbox 838 905 946 952; x_wconf 85' lang='lat' dir='ltr'>versus</span> <span class='ocrx_word' id='word_1_39' title='bbox 962 889 1010 952; x_wconf 92' lang='lat' dir='ltr'>est</span> <span class='ocrx_word' id='word_1_40' title='bbox 1026 888 1082 952; x_wconf 92' lang='lat' dir='ltr'>sed</span> <span class='ocrx_word' id='word_1_41' title='bbox 1100 889 1196 954; x_wconf 90' lang='lat' dir='ltr'>etiam</span> <span class='ocrx_word' id='word_1_42' title='bbox 1211 910 1324 958; x_wconf 90' lang='lat' dir='ltr'>nomen</span> 
     </span>
     <span class='ocr_line' id='line_1_6' title="bbox 110 997 1320 1084; baseline 0.003 -20"><span class='ocrx_word' id='word_1_43' title='bbox 110 1001 219 1084; x_wconf 92' lang='lat' dir='ltr'>ipsum</span> <span class='ocrx_word' id='word_1_44' title='bbox 240 1000 274 1065; x_wconf 93' lang='lat' dir='ltr'>in</span> <span class='ocrx_word' id='word_1_45' title='bbox 295 1000 429 1066; x_wconf 85' lang='lat' dir='ltr'>alienam</span> <span class='ocrx_word' id='word_1_46' title='bbox 450 998 710 1083; x_wconf 86' lang='lat' dir='ltr'>significationem</span> <span class='ocrx_word' id='word_1_47' title='bbox 733 997 884 1063; x_wconf 80' lang='lat' dir='ltr'>violenter</span> <span class='ocrx_word' id='word_1_48' title='bbox 905 999 1103 1082; x_wconf 63' lang='lat' dir='ltr'>decoramur)</span> <span class='ocrx_word' id='word_1_49' title='bbox 1141 999 1226 1066; x_wconf 89' lang='lat' dir='ltr'>Nam</span> <span class='ocrx_word' id='word_1_50' title='bbox 1248 1023 1320 1068; x_wconf 90' lang='lat' dir='ltr'>oum</span> 
     </span>
     <span class='ocr_line' id='line_1_7' title="bbox 112 1107 1322 1196; baseline 0.001 -18"><span class='ocrx_word' id='word_1_51' title='bbox 112 1115 218 1179; x_wconf 81' lang='lat' dir='ltr'>dicere</span> <span class='ocrx_word' id='word_1_52' title='bbox 243 1112 337 1178; x_wconf 87' lang='lat' dir='ltr'>liceat</span> <span class='ocrx_word' id='word_1_53' title='bbox 359 1110 497 1195; x_wconf 85' lang='lat' dir='ltr'>gravatis</span> <span class='ocrx_word' id='word_1_54' title='bbox 520 1109 627 1175; x_wconf 88' lang='lat' dir='ltr'>audita</span> <span class='ocrx_word' id='word_1_55' title='bbox 649 1110 698 1174; x_wconf 84' lang='lat' dir='ltr'>vel</span> <span class='ocrx_word' id='word_1_56' title='bbox 726 1107 800 1172; x_wconf 87' lang='lat' dir='ltr'>data</span> <span class='ocrx_word' id='word_1_57' title='bbox 830 1110 993 1190; x_wconf 77' lang='lat' dir='ltr'>sententie,</span> <span class='ocrx_word' id='word_1_58' title='bbox 1029 1111 1102 1196; x_wconf 88' lang='lat' dir='ltr'>quia</span> <span class='ocrx_word' id='word_1_59' title='bbox 1135 1113 1237 1178; x_wconf 88' lang='lat' dir='ltr'>sentio</span> <span class='ocrx_word' id='word_1_60' title='bbox 1271 1133 1322 1180; x_wconf 89' lang='lat' dir='ltr'>me</span> 
     </span>
     <span class='ocr_line' id='line_1_8' title="bbox 113 1219 1322 1309; baseline 0.002 -21"><span class='ocrx_word' id='word_1_61' title='bbox 113 1223 242 1309; x_wconf 83' lang='lat' dir='ltr'>gravari</span> <span class='ocrx_word' id='word_1_62' title='bbox 263 1222 320 1288; x_wconf 87' lang='lat' dir='ltr'>tali</span> <span class='ocrx_word' id='word_1_63' title='bbox 343 1220 497 1287; x_wconf 86' lang='lat' dir='ltr'>sententia</span> <span class='ocrx_word' id='word_1_64' title='bbox 519 1220 609 1285; x_wconf 91' lang='lat' dir='ltr'>illum</span> <span class='ocrx_word' id='word_1_65' title='bbox 623 1221 673 1285; x_wconf 88' lang='lat' dir='ltr'>vel</span> <span class='ocrx_word' id='word_1_66' title='bbox 688 1219 777 1284; x_wconf 91' lang='lat' dir='ltr'>illum</span> <span class='ocrx_word' id='word_1_67' title='bbox 791 1219 931 1303; x_wconf 90' lang='lat' dir='ltr'>judicem</span> <span class='ocrx_word' id='word_1_68' title='bbox 946 1222 1082 1307; x_wconf 88' lang='lat' dir='ltr'>appello,</span> <span class='ocrx_word' id='word_1_69' title='bbox 1107 1224 1189 1288; x_wconf 90' lang='lat' dir='ltr'>sicut</span> <span class='ocrx_word' id='word_1_70' title='bbox 1203 1225 1322 1290; x_wconf 89' lang='lat' dir='ltr'>Paulus</span> 
     </span>
     <span class='ocr_line' id='line_1_9' title="bbox 112 1331 1320 1419; baseline -0.002 -16"><span class='ocrx_word' id='word_1_71' title='bbox 112 1355 223 1404; x_wconf 85' lang='lat' dir='ltr'>coram</span> <span class='ocrx_word' id='word_1_72' title='bbox 238 1335 343 1419; x_wconf 89' lang='lat' dir='ltr'>jndice</span> <span class='ocrx_word' id='word_1_73' title='bbox 364 1336 459 1401; x_wconf 82' lang='lat' dir='ltr'>Festo</span> <span class='ocrx_word' id='word_1_74' title='bbox 483 1337 516 1399; x_wconf 93' lang='lat' dir='ltr'>et</span> <span class='ocrx_word' id='word_1_75' title='bbox 537 1353 610 1418; x_wconf 85' lang='lat' dir='ltr'>rege</span> <span class='ocrx_word' id='word_1_76' title='bbox 632 1331 777 1419; x_wconf 81' lang='lat' dir='ltr'>Agrippa</span> <span class='ocrx_word' id='word_1_77' title='bbox 804 1335 920 1399; x_wconf 88' lang='lat' dir='ltr'>timens</span> <span class='ocrx_word' id='word_1_78' title='bbox 942 1331 1050 1398; x_wconf 86' lang='lat' dir='ltr'>donari</span> <span class='ocrx_word' id='word_1_79' title='bbox 1072 1333 1203 1400; x_wconf 87' lang='lat' dir='ltr'>Judaeis</span> <span class='ocrx_word' id='word_1_80' title='bbox 1227 1331 1320 1400; x_wconf 84' lang='lat' dir='ltr'>Cae·</span> 
     </span>
     <span class='ocr_line' id='line_1_10' title="bbox 113 1441 1324 1531; baseline -0.002 -17"><span class='ocrx_word' id='word_1_81' title='bbox 113 1466 262 1528; x_wconf 86' lang='lat' dir='ltr'>sarem,</span> <span class='ocrx_word' id='word_1_82' title='bbox 291 1446 402 1530; x_wconf 90' lang='lat' dir='ltr'>inquit,</span> <span class='ocrx_word' id='word_1_83' title='bbox 435 1442 654 1531; x_wconf 78' lang='lat' dir='ltr'>appello³),</span> <span class='ocrx_word' id='word_1_84' title='bbox 687 1445 770 1528; x_wconf 93' lang='lat' dir='ltr'>quod</span> <span class='ocrx_word' id='word_1_85' title='bbox 792 1463 849 1529; x_wconf 86' lang='lat' dir='ltr'>ego</span> <span class='ocrx_word' id='word_1_86' title='bbox 872 1459 934 1508; x_wconf 90' lang='lat' dir='ltr'>non</span> <span class='ocrx_word' id='word_1_87' title='bbox 953 1441 1038 1507; x_wconf 88' lang='lat' dir='ltr'>aliud</span> <span class='ocrx_word' id='word_1_88' title='bbox 1059 1462 1127 1509; x_wconf 91' lang='lat' dir='ltr'>esse</span> <span class='ocrx_word' id='word_1_89' title='bbox 1149 1445 1324 1529; x_wconf 83' lang='lat' dir='ltr'>putaverim</span> 
     </span>
     <span class='ocr_line' id='line_1_11' title="bbox 115 1553 1324 1643; baseline -0.004 -18"><span class='ocrx_word' id='word_1_90' title='bbox 115 1577 214 1643; x_wconf 88' lang='lat' dir='ltr'>quam</span> <span class='ocrx_word' id='word_1_91' title='bbox 236 1557 379 1634; x_wconf 86' lang='lat' dir='ltr'>dixissct;</span> <span class='ocrx_word' id='word_1_92' title='bbox 403 1555 567 1623; x_wconf 80' lang='lat' dir='ltr'>Gaesarem</span> <span class='ocrx_word' id='word_1_93' title='bbox 588 1556 621 1620; x_wconf 92' lang='lat' dir='ltr'>in</span> <span class='ocrx_word' id='word_1_94' title='bbox 643 1573 738 1622; x_wconf 89' lang='lat' dir='ltr'>causa</span> <span class='ocrx_word' id='word_1_95' title='bbox 761 1572 830 1620; x_wconf 92' lang='lat' dir='ltr'>mea</span> <span class='ocrx_word' id='word_1_96' title='bbox 852 1553 990 1634; x_wconf 92' lang='lat' dir='ltr'>nomino,</span> <span class='ocrx_word' id='word_1_97' title='bbox 1014 1571 1120 1619; x_wconf 92' lang='lat' dir='ltr'>coram</span> <span class='ocrx_word' id='word_1_98' title='bbox 1134 1555 1189 1621; x_wconf 93' lang='lat' dir='ltr'>illo</span> <span class='ocrx_word' id='word_1_99' title='bbox 1206 1558 1237 1622; x_wconf 91' lang='lat' dir='ltr'>et</span> <span class='ocrx_word' id='word_1_100' title='bbox 1260 1575 1324 1622; x_wconf 93' lang='lat' dir='ltr'>non</span> 
     </span>
     <span class='ocr_line' id='line_1_12' title="bbox 113 1664 1322 1751; baseline -0.001 -18"><span class='ocrx_word' id='word_1_101' title='bbox 113 1668 193 1734; x_wconf 85' lang='lat' dir='ltr'>alias</span> <span class='ocrx_word' id='word_1_102' title='bbox 215 1677 430 1751; x_wconf 81' lang='lat' dir='ltr'>responsurus,</span> <span class='ocrx_word' id='word_1_103' title='bbox 454 1664 532 1730; x_wconf 94' lang='lat' dir='ltr'>nihil</span> <span class='ocrx_word' id='word_1_104' title='bbox 553 1665 636 1730; x_wconf 93' lang='lat' dir='ltr'>enim</span> <span class='ocrx_word' id='word_1_105' title='bbox 658 1667 707 1730; x_wconf 88' lang='lat' dir='ltr'>est</span> <span class='ocrx_word' id='word_1_106' title='bbox 725 1665 811 1730; x_wconf 88' lang='lat' dir='ltr'>aliud</span> <span class='ocrx_word' id='word_1_107' title='bbox 832 1665 933 1749; x_wconf 92' lang='lat' dir='ltr'>apello</span> <span class='ocrx_word' id='word_1_108' title='bbox 958 1683 1052 1749; x_wconf 92' lang='lat' dir='ltr'>qnam</span> <span class='ocrx_word' id='word_1_109' title='bbox 1073 1665 1210 1746; x_wconf 91' lang='lat' dir='ltr'>nomino,</span> <span class='ocrx_word' id='word_1_110' title='bbox 1240 1685 1322 1747; x_wconf 92' lang='lat' dir='ltr'>oum,</span> 
     </span>
     <span class='ocr_line' id='line_1_13' title="bbox 115 1775 1324 1863; baseline -0.002 -19"><span class='ocrx_word' id='word_1_111' title='bbox 115 1779 255 1863; x_wconf 90' lang='lat' dir='ltr'>inquam,</span> <span class='ocrx_word' id='word_1_112' title='bbox 285 1796 343 1863; x_wconf 90' lang='lat' dir='ltr'>pro</span> <span class='ocrx_word' id='word_1_113' title='bbox 365 1776 484 1842; x_wconf 86' lang='lat' dir='ltr'>incerta</span> <span class='ocrx_word' id='word_1_114' title='bbox 506 1777 698 1862; x_wconf 82' lang='lat' dir='ltr'>gravationis</span> <span class='ocrx_word' id='word_1_115' title='bbox 728 1794 822 1842; x_wconf 87' lang='lat' dir='ltr'>causa</span> <span class='ocrx_word' id='word_1_116' title='bbox 844 1780 875 1842; x_wconf 92' lang='lat' dir='ltr'>et</span> <span class='ocrx_word' id='word_1_117' title='bbox 896 1775 1017 1860; x_wconf 88' lang='lat' dir='ltr'>legibus</span> <span class='ocrx_word' id='word_1_118' title='bbox 1039 1777 1232 1863; x_wconf 88' lang='lat' dir='ltr'>praescripta</span> <span class='ocrx_word' id='word_1_119' title='bbox 1254 1796 1324 1844; x_wconf 89' lang='lat' dir='ltr'>ver·</span> 
     </span>
     <span class='ocr_line' id='line_1_14' title="bbox 115 1886 1327 1972; baseline 0.002 -19"><span class='ocrx_word' id='word_1_120' title='bbox 115 1887 231 1956; x_wconf 91' lang='lat' dir='ltr'>borum</span> <span class='ocrx_word' id='word_1_121' title='bbox 257 1887 394 1953; x_wconf 86' lang='lat' dir='ltr'>iormnla</span> <span class='ocrx_word' id='word_1_122' title='bbox 409 1891 441 1953; x_wconf 89' lang='lat' dir='ltr'>et</span> <span class='ocrx_word' id='word_1_123' title='bbox 456 1888 623 1954; x_wconf 79' lang='lat' dir='ltr'>verborum</span> <span class='ocrx_word' id='word_1_124' title='bbox 639 1887 865 1972; x_wconf 86' lang='lat' dir='ltr'>significatione</span> <span class='ocrx_word' id='word_1_125' title='bbox 883 1886 1057 1970; x_wconf 89' lang='lat' dir='ltr'>antiquitus</span> <span class='ocrx_word' id='word_1_126' title='bbox 1072 1889 1219 1954; x_wconf 86' lang='lat' dir='ltr'>instituta</span> <span class='ocrx_word' id='word_1_127' title='bbox 1233 1889 1327 1956; x_wconf 87' lang='lat' dir='ltr'>liceat</span> 
     </span>
     <span class='ocr_line' id='line_1_15' title="bbox 114 1997 1320 2086; baseline 0.002 -22"><span class='ocrx_word' id='word_1_128' title='bbox 114 1999 290 2086; x_wconf 89' lang='lat' dir='ltr'>appellare;</span> <span class='ocrx_word' id='word_1_129' title='bbox 312 1997 365 2063; x_wconf 91' lang='lat' dir='ltr'>isti</span> <span class='ocrx_word' id='word_1_130' title='bbox 385 2017 442 2084; x_wconf 92' lang='lat' dir='ltr'>pro</span> <span class='ocrx_word' id='word_1_131' title='bbox 465 1997 551 2062; x_wconf 89' lang='lat' dir='ltr'>nulla</span> <span class='ocrx_word' id='word_1_132' title='bbox 571 2015 664 2063; x_wconf 90' lang='lat' dir='ltr'>causa</span> <span class='ocrx_word' id='word_1_133' title='bbox 684 1997 819 2063; x_wconf 85' lang='lat' dir='ltr'>formula</span> <span class='ocrx_word' id='word_1_134' title='bbox 841 2017 964 2083; x_wconf 91' lang='lat' dir='ltr'>quoque</span> <span class='ocrx_word' id='word_1_135' title='bbox 987 1999 1153 2065; x_wconf 75' lang='lat' dir='ltr'>ventorum</span> <span class='ocrx_word' id='word_1_136' title='bbox 1169 2001 1320 2084; x_wconf 87' lang='lat' dir='ltr'>neglecta,</span> 
     </span>
     <span class='ocr_line' id='line_1_16' title="bbox 115 2108 1321 2198; baseline 0 -22"><span class='ocrx_word' id='word_1_137' title='bbox 115 2109 190 2194; x_wconf 93' lang='lat' dir='ltr'>quin</span> <span class='ocrx_word' id='word_1_138' title='bbox 212 2110 308 2176; x_wconf 87' lang='lat' dir='ltr'>etiam</span> <span class='ocrx_word' id='word_1_139' title='bbox 330 2109 433 2175; x_wconf 88' lang='lat' dir='ltr'>verbis</span> <span class='ocrx_word' id='word_1_140' title='bbox 455 2109 489 2173; x_wconf 92' lang='lat' dir='ltr'>in</span> <span class='ocrx_word' id='word_1_141' title='bbox 510 2108 607 2175; x_wconf 91' lang='lat' dir='ltr'>alium</span> <span class='ocrx_word' id='word_1_142' title='bbox 629 2128 722 2174; x_wconf 92' lang='lat' dir='ltr'>usum</span> <span class='ocrx_word' id='word_1_143' title='bbox 746 2111 980 2198; x_wconf 88' lang='lat' dir='ltr'>transsumptis,</span> <span class='ocrx_word' id='word_1_144' title='bbox 1003 2128 1066 2175; x_wconf 94' lang='lat' dir='ltr'>non</span> <span class='ocrx_word' id='word_1_145' title='bbox 1081 2113 1146 2174; x_wconf 88' lang='lat' dir='ltr'>tam</span> <span class='ocrx_word' id='word_1_146' title='bbox 1161 2110 1321 2195; x_wconf 83' lang='lat' dir='ltr'>appellant</span> 
     </span>
     <span class='ocr_line' id='line_1_17' title="bbox 115 2219 1319 2306; baseline -0.001 -19"><span class='ocrx_word' id='word_1_147' title='bbox 115 2239 212 2305; x_wconf 88' lang='lat' dir='ltr'>quam</span> <span class='ocrx_word' id='word_1_148' title='bbox 234 2221 411 2306; x_wconf 81' lang='lat' dir='ltr'>appellasse</span> <span class='ocrx_word' id='word_1_149' title='bbox 432 2219 530 2285; x_wconf 83' lang='lat' dir='ltr'>rideri</span> <span class='ocrx_word' id='word_1_150' title='bbox 552 2220 670 2299; x_wconf 84' lang='lat' dir='ltr'>volunt,</span> <span class='ocrx_word' id='word_1_151' title='bbox 693 2223 731 2285; x_wconf 88' lang='lat' dir='ltr'>ut</span> <span class='ocrx_word' id='word_1_152' title='bbox 752 2221 797 2286; x_wconf 90' lang='lat' dir='ltr'>eis</span> <span class='ocrx_word' id='word_1_153' title='bbox 821 2240 898 2304; x_wconf 92' lang='lat' dir='ltr'>quos</span> <span class='ocrx_word' id='word_1_154' title='bbox 922 2240 996 2287; x_wconf 90' lang='lat' dir='ltr'>suos</span> <span class='ocrx_word' id='word_1_155' title='bbox 1016 2221 1123 2287; x_wconf 86' lang='lat' dir='ltr'>dicunt</span> <span class='ocrx_word' id='word_1_156' title='bbox 1145 2220 1319 2306; x_wconf 86' lang='lat' dir='ltr'>appellatos</span> 
     </span>
     <span class='ocr_line' id='line_1_18' title="bbox 115 2330 1320 2418; baseline -0.002 -21"><span class='ocrx_word' id='word_1_157' title='bbox 115 2335 146 2397; x_wconf 91' lang='lat' dir='ltr'>et</span> <span class='ocrx_word' id='word_1_158' title='bbox 167 2331 332 2418; x_wconf 87' lang='lat' dir='ltr'>dispendia</span> <span class='ocrx_word' id='word_1_159' title='bbox 353 2349 459 2397; x_wconf 90' lang='lat' dir='ltr'>rerum</span> <span class='ocrx_word' id='word_1_160' title='bbox 483 2332 516 2395; x_wconf 92' lang='lat' dir='ltr'>et</span> <span class='ocrx_word' id='word_1_161' title='bbox 537 2330 756 2418; x_wconf 85' lang='lat' dir='ltr'>fatigationem</span> <span class='ocrx_word' id='word_1_162' title='bbox 784 2352 948 2416; x_wconf 90' lang='lat' dir='ltr'>corporum</span> <span class='ocrx_word' id='word_1_163' title='bbox 970 2335 1041 2412; x_wconf 86' lang='lat' dir='ltr'>aut,</span> <span class='ocrx_word' id='word_1_164' title='bbox 1072 2332 1155 2416; x_wconf 91' lang='lat' dir='ltr'>quod</span> <span class='ocrx_word' id='word_1_165' title='bbox 1178 2334 1227 2396; x_wconf 88' lang='lat' dir='ltr'>ost</span> <span class='ocrx_word' id='word_1_166' title='bbox 1247 2348 1320 2414; x_wconf 88' lang='lat' dir='ltr'>gra·</span> 
     </span>
     <span class='ocr_line' id='line_1_19' title="bbox 115 2439 1318 2528; baseline -0.001 -22"><span class='ocrx_word' id='word_1_167' title='bbox 115 2441 194 2524; x_wconf 83' lang='lat' dir='ltr'>rius,</span> <span class='ocrx_word' id='word_1_168' title='bbox 225 2440 360 2507; x_wconf 87' lang='lat' dir='ltr'>Romani</span> <span class='ocrx_word' id='word_1_169' title='bbox 391 2440 554 2507; x_wconf 89' lang='lat' dir='ltr'>Pontificis</span> <span class='ocrx_word' id='word_1_170' title='bbox 584 2440 831 2526; x_wconf 84' lang='lat' dir='ltr'>indignationem</span> <span class='ocrx_word' id='word_1_171' title='bbox 858 2441 1130 2528; x_wconf 88' lang='lat' dir='ltr'>supersedentibus</span> <span class='ocrx_word' id='word_1_172' title='bbox 1157 2439 1318 2505; x_wconf 87' lang='lat' dir='ltr'>inducant.</span> 
     </span>
     <span class='ocr_line' id='line_1_20' title="bbox 117 2548 1321 2637; baseline 0 -18"><span class='ocrx_word' id='word_1_173' title='bbox 117 2551 144 2619; x_wconf 93' lang='grc' dir='ltr'><strong>Ο</strong></span> <span class='ocrx_word' id='word_1_174' title='bbox 175 2572 231 2619; x_wconf 88' lang='lat' dir='ltr'>vos</span> <span class='ocrx_word' id='word_1_175' title='bbox 266 2550 483 2616; x_wconf 88' lang='lat' dir='ltr'>contemnendi</span> <span class='ocrx_word' id='word_1_176' title='bbox 508 2549 700 2635; x_wconf 84' lang='lat' dir='ltr'>judiciorum</span> <span class='ocrx_word' id='word_1_177' title='bbox 720 2548 882 2633; x_wconf 87' lang='lat' dir='ltr'>justorum</span> <span class='ocrx_word' id='word_1_178' title='bbox 910 2554 1141 2637; x_wconf 89' lang='lat' dir='ltr'>contemptores</span> <span class='ocrx_word' id='word_1_179' title='bbox 1170 2553 1202 2616; x_wconf 91' lang='lat' dir='ltr'>et</span> <span class='ocrx_word' id='word_1_180' title='bbox 1223 2551 1321 2637; x_wconf 89' lang='lat' dir='ltr'>iniqui</span> 
     </span>
     <span class='ocr_line' id='line_1_21' title="bbox 113 2662 1318 2751; baseline 0 -21"><span class='ocrx_word' id='word_1_181' title='bbox 113 2665 335 2751; x_wconf 83' lang='lat' dir='ltr'>appellatores,</span> <span class='ocrx_word' id='word_1_182' title='bbox 359 2664 427 2746; x_wconf 91' lang='lat' dir='ltr'>quis</span> <span class='ocrx_word' id='word_1_183' title='bbox 450 2662 539 2729; x_wconf 81' lang='lat' dir='ltr'>vobis</span> <span class='ocrx_word' id='word_1_184' title='bbox 562 2681 667 2744; x_wconf 69' lang='lat' dir='ltr'>ansus</span> <span class='ocrx_word' id='word_1_185' title='bbox 682 2682 760 2747; x_wconf 90' lang='lat' dir='ltr'>quae</span> <span class='ocrx_word' id='word_1_186' title='bbox 781 2662 908 2729; x_wconf 91' lang='lat' dir='ltr'>licentia</span> <span class='ocrx_word' id='word_1_187' title='bbox 929 2662 1023 2730; x_wconf 81' lang='lat' dir='ltr'>verba</span> <span class='ocrx_word' id='word_1_188' title='bbox 1038 2665 1076 2730; x_wconf 89' lang='lat' dir='ltr'>de</span> <span class='ocrx_word' id='word_1_189' title='bbox 1095 2683 1154 2730; x_wconf 90' lang='lat' dir='ltr'>usu</span> <span class='ocrx_word' id='word_1_190' title='bbox 1171 2664 1318 2750; x_wconf 89' lang='lat' dir='ltr'>propriae</span> 
     </span>
     <span class='ocr_line' id='line_1_22' title="bbox 115 2773 1318 2862; baseline -0.001 -21"><span class='ocrx_word' id='word_1_191' title='bbox 115 2774 352 2862; x_wconf 84' lang='lat' dir='ltr'>significationis</span> <span class='ocrx_word' id='word_1_192' title='bbox 382 2773 415 2839; x_wconf 93' lang='lat' dir='ltr'>in</span> <span class='ocrx_word' id='word_1_193' title='bbox 444 2774 577 2840; x_wconf 91' lang='lat' dir='ltr'>alienam</span> <span class='ocrx_word' id='word_1_194' title='bbox 601 2773 866 2858; x_wconf 86' lang='lat' dir='ltr'>significationem</span> <span class='ocrx_word' id='word_1_195' title='bbox 887 2775 1117 2842; x_wconf 83' lang='lat' dir='ltr'>transferendi?</span> <span class='ocrx_word' id='word_1_196' title='bbox 1161 2774 1318 2841; x_wconf 83' lang='lat' dir='ltr'>Sicorim</span> 
     </span>
     <span class='ocr_line' id='line_1_23' title="bbox 114 2885 1321 2972; baseline -0.002 -20"><span class='ocrx_word' id='word_1_197' title='bbox 114 2886 251 2972; x_wconf 85' lang='lat' dir='ltr'>intelligi</span> <span class='ocrx_word' id='word_1_198' title='bbox 272 2889 304 2951; x_wconf 91' lang='lat' dir='ltr'>et</span> <span class='ocrx_word' id='word_1_199' title='bbox 325 2886 385 2951; x_wconf 91' lang='lat' dir='ltr'>hoc</span> <span class='ocrx_word' id='word_1_200' title='bbox 407 2885 581 2970; x_wconf 86' lang='lat' dir='ltr'>significare</span> <span class='ocrx_word' id='word_1_201' title='bbox 610 2885 704 2951; x_wconf 88' lang='lat' dir='ltr'>vultis</span> <span class='ocrx_word' id='word_1_202' title='bbox 735 2885 890 2950; x_wconf 86' lang='lat' dir='ltr'>dicentes:</span> <span class='ocrx_word' id='word_1_203' title='bbox 923 2886 1046 2971; x_wconf 89' lang='lat' dir='ltr'>appello</span> <span class='ocrx_word' id='word_1_204' title='bbox 1071 2889 1103 2951; x_wconf 91' lang='lat' dir='ltr'>te</span> <span class='ocrx_word' id='word_1_205' title='bbox 1124 2887 1164 2950; x_wconf 90' lang='lat' dir='ltr'>ad</span> <span class='ocrx_word' id='word_1_206' title='bbox 1182 2885 1321 2970; x_wconf 84' lang='lat' dir='ltr'>judicem</span> 
     </span>
     <span class='ocr_line' id='line_1_24' title="bbox 114 2995 1320 3081; baseline 0 -19"><span class='ocrx_word' id='word_1_207' title='bbox 114 2998 214 3077; x_wconf 89' lang='lat' dir='ltr'>illum,</span> <span class='ocrx_word' id='word_1_208' title='bbox 231 2997 389 3080; x_wconf 89' lang='lat' dir='ltr'>quomodo</span> <span class='ocrx_word' id='word_1_209' title='bbox 405 2995 432 3062; x_wconf 91' lang='lat' dir='ltr'>si</span> <span class='ocrx_word' id='word_1_210' title='bbox 447 2997 600 3077; x_wconf 87' lang='lat' dir='ltr'>diceretis,</span> <span class='ocrx_word' id='word_1_211' title='bbox 623 3014 759 3081; x_wconf 88' lang='lat' dir='ltr'>provoco</span> <span class='ocrx_word' id='word_1_212' title='bbox 777 2999 808 3061; x_wconf 88' lang='lat' dir='ltr'>te</span> <span class='ocrx_word' id='word_1_213' title='bbox 822 2995 862 3060; x_wconf 90' lang='lat' dir='ltr'>ad</span> <span class='ocrx_word' id='word_1_214' title='bbox 876 2995 975 3061; x_wconf 91' lang='lat' dir='ltr'>illum.</span> <span class='ocrx_word' id='word_1_215' title='bbox 999 2996 1037 3061; x_wconf 92' lang='lat' dir='ltr'>In</span> <span class='ocrx_word' id='word_1_216' title='bbox 1049 2996 1171 3081; x_wconf 87' lang='lat' dir='ltr'>quibus,</span> <span class='ocrx_word' id='word_1_217' title='bbox 1195 3014 1320 3080; x_wconf 83' lang='lat' dir='ltr'>quaeso,</span> 
     </span>
     <span class='ocr_line' id='line_1_25' title="bbox 114 3105 1323 3194; baseline 0.001 -21"><span class='ocrx_word' id='word_1_218' title='bbox 114 3107 395 3194; x_wconf 84' lang='lat' dir='ltr'>grammaticorum</span> <span class='ocrx_word' id='word_1_219' title='bbox 417 3108 467 3173; x_wconf 89' lang='lat' dir='ltr'>vel</span> <span class='ocrx_word' id='word_1_220' title='bbox 488 3107 671 3174; x_wconf 89' lang='lat' dir='ltr'>rhethorum</span> <span class='ocrx_word' id='word_1_221' title='bbox 693 3107 808 3173; x_wconf 89' lang='lat' dir='ltr'>scholis</span> <span class='ocrx_word' id='word_1_222' title='bbox 831 3107 914 3173; x_wconf 91' lang='lat' dir='ltr'>hunc</span> <span class='ocrx_word' id='word_1_223' title='bbox 936 3111 1067 3194; x_wconf 87' lang='lat' dir='ltr'>tropum</span> <span class='ocrx_word' id='word_1_224' title='bbox 1095 3105 1257 3188; x_wconf 83' lang='lat' dir='ltr'>didicistis,</span> <span class='ocrx_word' id='word_1_225' title='bbox 1287 3110 1323 3174; x_wconf 87' lang='lat' dir='ltr'>ut</span> 
     </span>
     <span class='ocr_line' id='line_1_26' title="bbox 114 3217 1320 3305; baseline 0.001 -21"><span class='ocrx_word' id='word_1_226' title='bbox 114 3237 171 3304; x_wconf 91' lang='lat' dir='ltr'>pro</span> <span class='ocrx_word' id='word_1_227' title='bbox 193 3217 290 3285; x_wconf 86' lang='lat' dir='ltr'>verbo</span> <span class='ocrx_word' id='word_1_228' title='bbox 314 3220 396 3304; x_wconf 91' lang='lat' dir='ltr'>qnod</span> <span class='ocrx_word' id='word_1_229' title='bbox 418 3222 467 3285; x_wconf 89' lang='lat' dir='ltr'>est</span> <span class='ocrx_word' id='word_1_230' title='bbox 492 3238 677 3305; x_wconf 81' lang='lat' dir='ltr'>provoco,</span> <span class='ocrx_word' id='word_1_231' title='bbox 708 3220 869 3305; x_wconf 88' lang='lat' dir='ltr'>appello</span> <span class='ocrx_word' id='word_1_232' title='bbox 899 3221 1032 3305; x_wconf 89' lang='lat' dir='ltr'>ponetis,</span> <span class='ocrx_word' id='word_1_233' title='bbox 1056 3222 1112 3285; x_wconf 85' lang='lat' dir='ltr'>eut</span> <span class='ocrx_word' id='word_1_234' title='bbox 1135 3220 1225 3305; x_wconf 88' lang='lat' dir='ltr'>quale</span> <span class='ocrx_word' id='word_1_235' title='bbox 1247 3217 1320 3285; x_wconf 88' lang='lat' dir='ltr'>hnic</span> 
     </span>
     <span class='ocr_line' id='line_1_27' title="bbox 116 3329 1321 3416; baseline 0 -21"><span class='ocrx_word' id='word_1_236' title='bbox 116 3333 205 3416; x_wconf 88' lang='lat' dir='ltr'>tropo</span> <span class='ocrx_word' id='word_1_237' title='bbox 228 3349 343 3396; x_wconf 91' lang='lat' dir='ltr'>nomen</span> <span class='ocrx_word' id='word_1_238' title='bbox 364 3331 490 3414; x_wconf 91' lang='lat' dir='ltr'>ponitis,</span> <span class='ocrx_word' id='word_1_239' title='bbox 513 3349 607 3414; x_wconf 85' lang='lat' dir='ltr'>quem</span> <span class='ocrx_word' id='word_1_240' title='bbox 629 3329 793 3415; x_wconf 89' lang='lat' dir='ltr'>ignorandi</span> <span class='ocrx_word' id='word_1_241' title='bbox 815 3333 847 3396; x_wconf 88' lang='lat' dir='ltr'>et</span> <span class='ocrx_word' id='word_1_242' title='bbox 867 3332 1047 3416; x_wconf 85' lang='lat' dir='ltr'>ignorantes</span> <span class='ocrx_word' id='word_1_243' title='bbox 1071 3334 1179 3397; x_wconf 88' lang='lat' dir='ltr'>contra</span> <span class='ocrx_word' id='word_1_244' title='bbox 1196 3348 1321 3396; x_wconf 92' lang='lat' dir='ltr'>omnem</span> 
     </span>
     <span class='ocr_line' id='line_1_28' title="bbox 115 3439 1322 3527; baseline 0 -20"><span class='ocrx_word' id='word_1_245' title='bbox 115 3439 282 3508; x_wconf 86' lang='lat' dir='ltr'>latinitatis</span> <span class='ocrx_word' id='word_1_246' title='bbox 306 3460 412 3521; x_wconf 86' lang='lat' dir='ltr'>nsum,</span> <span class='ocrx_word' id='word_1_247' title='bbox 447 3445 555 3508; x_wconf 86' lang='lat' dir='ltr'>contra</span> <span class='ocrx_word' id='word_1_248' title='bbox 583 3442 768 3527; x_wconf 88' lang='lat' dir='ltr'>legistarum</span> <span class='ocrx_word' id='word_1_249' title='bbox 794 3444 935 3510; x_wconf 89' lang='lat' dir='ltr'>omnium</span> <span class='ocrx_word' id='word_1_250' title='bbox 967 3443 1141 3510; x_wconf 85' lang='lat' dir='ltr'>doctrinam</span> <span class='ocrx_word' id='word_1_251' title='bbox 1170 3443 1208 3509; x_wconf 90' lang='lat' dir='ltr'>de</span> <span class='ocrx_word' id='word_1_252' title='bbox 1231 3444 1322 3508; x_wconf 90' lang='lat' dir='ltr'>corde</span> 
     </span>
     <span class='ocr_line' id='line_1_29' title="bbox 115 3550 1323 3637; baseline -0.001 -18"><span class='ocrx_word' id='word_1_253' title='bbox 115 3557 221 3619; x_wconf 85' lang='lat' dir='ltr'>vestro</span> <span class='ocrx_word' id='word_1_254' title='bbox 245 3569 338 3618; x_wconf 90' lang='lat' dir='ltr'>coeco</span> <span class='ocrx_word' id='word_1_255' title='bbox 361 3555 393 3617; x_wconf 88' lang='lat' dir='ltr'>et</span> <span class='ocrx_word' id='word_1_256' title='bbox 415 3550 502 3618; x_wconf 88' lang='lat' dir='ltr'>fatuo</span> <span class='ocrx_word' id='word_1_257' title='bbox 525 3551 744 3618; x_wconf 72' lang='lat' dir='ltr'>confinxistis?</span> <span class='ocrx_word' id='word_1_258' title='bbox 767 3553 904 3620; x_wconf 82' lang='lat' dir='ltr'>Antros</span> <span class='ocrx_word' id='word_1_259' title='bbox 922 3553 1064 3634; x_wconf 86' lang='lat' dir='ltr'>Romani,</span> <span class='ocrx_word' id='word_1_260' title='bbox 1089 3571 1150 3637; x_wconf 87' lang='lat' dir='ltr'>qua</span> <span class='ocrx_word' id='word_1_261' title='bbox 1172 3551 1274 3618; x_wconf 86' lang='lat' dir='ltr'>fronte</span> <span class='ocrx_word' id='word_1_262' title='bbox 1289 3551 1323 3618; x_wconf 93' lang='lat' dir='ltr'>in</span> 
     </span>
     <span class='ocr_line' id='line_1_30' title="bbox 115 3662 1321 3749; baseline -0.001 -18"><span class='ocrx_word' id='word_1_263' title='bbox 115 3663 228 3731; x_wconf 89' lang='lat' dir='ltr'>talium</span> <span class='ocrx_word' id='word_1_264' title='bbox 250 3662 616 3749; x_wconf 84' lang='lat' dir='ltr'>pseudoappallationum</span> <span class='ocrx_word' id='word_1_265' title='bbox 639 3666 848 3730; x_wconf 87' lang='lat' dir='ltr'>contemtores</span> <span class='ocrx_word' id='word_1_266' title='bbox 871 3664 1045 3744; x_wconf 79' lang='lat' dir='ltr'>vindicatis,</span> <span class='ocrx_word' id='word_1_267' title='bbox 1079 3682 1166 3749; x_wconf 89' lang='lat' dir='ltr'>quas,</span> <span class='ocrx_word' id='word_1_268' title='bbox 1197 3664 1224 3729; x_wconf 90' lang='lat' dir='ltr'>si</span> <span class='ocrx_word' id='word_1_269' title='bbox 1247 3683 1321 3730; x_wconf 90' lang='lat' dir='ltr'>con-</span> 
     </span>
     <span class='ocr_line' id='line_1_31' title="bbox 115 3774 1323 3861; baseline -0.001 -19"><span class='ocrx_word' id='word_1_270' title='bbox 115 3775 198 3842; x_wconf 85' lang='lat' dir='ltr'>fiteri</span> <span class='ocrx_word' id='word_1_271' title='bbox 219 3775 334 3856; x_wconf 80' lang='lat' dir='ltr'>volitis,</span> <span class='ocrx_word' id='word_1_272' title='bbox 356 3774 480 3860; x_wconf 88' lang='lat' dir='ltr'>penitus</span> <span class='ocrx_word' id='word_1_273' title='bbox 504 3776 692 3858; x_wconf 86' lang='lat' dir='ltr'>spernendas</span> <span class='ocrx_word' id='word_1_274' title='bbox 714 3795 783 3841; x_wconf 89' lang='lat' dir='ltr'>esse</span> <span class='ocrx_word' id='word_1_275' title='bbox 814 3774 1030 3860; x_wconf 77' lang='lat' dir='ltr'>cognoscitis?</span> <span class='ocrx_word' id='word_1_276' title='bbox 1063 3774 1227 3861; x_wconf 88' lang='lat' dir='ltr'>Numquid</span> <span class='ocrx_word' id='word_1_277' title='bbox 1248 3775 1323 3841; x_wconf 93' lang='lat' dir='ltr'>sim·</span> 
     </span>
     <span class='ocr_line' id='line_1_32' title="bbox 114 3885 1316 3973; baseline 0.002 -21"><span class='ocrx_word' id='word_1_278' title='bbox 114 3885 246 3970; x_wconf 91' lang='lat' dir='ltr'>plicinm</span> <span class='ocrx_word' id='word_1_279' title='bbox 269 3885 445 3971; x_wconf 87' lang='lat' dir='ltr'>ignorantia</span> <span class='ocrx_word' id='word_1_280' title='bbox 474 3903 511 3953; x_wconf 89' lang='lat' dir='ltr'>ao</span> <span class='ocrx_word' id='word_1_281' title='bbox 540 3885 724 3953; x_wconf 90' lang='lat' dir='ltr'>timidorum</span> <span class='ocrx_word' id='word_1_282' title='bbox 745 3887 954 3954; x_wconf 85' lang='lat' dir='ltr'>inconstantia</span> <span class='ocrx_word' id='word_1_283' title='bbox 975 3891 1140 3973; x_wconf 82' lang='lat' dir='ltr'>rostraque</span> <span class='ocrx_word' id='word_1_284' title='bbox 1161 3890 1316 3973; x_wconf 88' lang='lat' dir='ltr'>potestate</span> 
     </span>
     <span class='ocr_line' id='line_1_33' title="bbox 114 3997 1315 4088; baseline 0.002 -24"><span class='ocrx_word' id='word_1_285' title='bbox 114 3997 148 4064; x_wconf 92' lang='lat' dir='ltr'>in</span> <span class='ocrx_word' id='word_1_286' title='bbox 172 3997 292 4066; x_wconf 90' lang='lat' dir='ltr'>malum</span> <span class='ocrx_word' id='word_1_287' title='bbox 313 3997 546 4082; x_wconf 81' lang='lat' dir='ltr'>vobismetipsis</span> <span class='ocrx_word' id='word_1_288' title='bbox 568 3997 742 4080; x_wconf 89' lang='lat' dir='ltr'>abutimini,</span> <span class='ocrx_word' id='word_1_289' title='bbox 766 4002 802 4065; x_wconf 91' lang='lat' dir='ltr'>ut</span> <span class='ocrx_word' id='word_1_290' title='bbox 826 3997 996 4066; x_wconf 88' lang='lat' dir='ltr'>comedatis</span> <span class='ocrx_word' id='word_1_291' title='bbox 1018 4016 1136 4085; x_wconf 86' lang='lat' dir='ltr'>agnum</span> <span class='ocrx_word' id='word_1_292' title='bbox 1158 4000 1196 4066; x_wconf 94' lang='lat' dir='ltr'>de</span> <span class='ocrx_word' id='word_1_293' title='bbox 1210 4020 1315 4088; x_wconf 88' lang='lat' dir='ltr'>grege,</span> 
     </span>
    </p>
   </div>
   <div class='ocr_carea' id='block_1_4' title="bbox 223 4282 534 4354">
    <p class='ocr_par' dir='ltr' id='par_1_4' title="bbox 223 4282 534 4354">
     <span class='ocr_line' id='line_1_34' title="bbox 223 4282 534 4354; baseline 0.019 -19"><span class='ocrx_word' id='word_1_294' title='bbox 223 4282 242 4354; x_wconf 84' lang='lat'>¹)</span> <span class='ocrx_word' id='word_1_295' title='bbox 262 4285 317 4337; x_wconf 90' lang='lat' dir='ltr'>cod.</span> <span class='ocrx_word' id='word_1_296' title='bbox 337 4286 534 4341; x_wconf 73' lang='lat' dir='ltr'>nicorltentores.</span> 
     </span>
    </p>
   </div>
   <div class='ocr_carea' id='block_1_5' title="bbox 220 4382 1323 4552">
    <p class='ocr_par' dir='ltr' id='par_1_5' title="bbox 220 4382 1323 4552">
     <span class='ocr_line' id='line_1_35' title="bbox 220 4382 1323 4456; baseline 0 -18"><span class='ocrx_word' id='word_1_297' title='bbox 220 4382 242 4454; x_wconf 76' lang='lat'>²)</span> <span class='ocrx_word' id='word_1_298' title='bbox 260 4384 399 4450; x_wconf 85' lang='lat' dir='ltr'>Sequentia</span> <span class='ocrx_word' id='word_1_299' title='bbox 418 4400 500 4456; x_wconf 84' lang='lat' dir='ltr'>usqne</span> <span class='ocrx_word' id='word_1_300' title='bbox 526 4384 560 4440; x_wconf 80' lang='lat' dir='ltr'>sd</span> <span class='ocrx_word' id='word_1_301' title='bbox 581 4384 759 4455; x_wconf 81' lang='lat' dir='ltr'>,numquid</span> <span class='ocrx_word' id='word_1_302' title='bbox 778 4383 1004 4454; x_wconf 84' lang='lat' dir='ltr'>simplicium“</span> <span class='ocrx_word' id='word_1_303' title='bbox 1029 4384 1123 4440; x_wconf 76' lang='lat' dir='ltr'>desum</span> <span class='ocrx_word' id='word_1_304' title='bbox 1145 4385 1216 4456; x_wconf 84' lang='lat' dir='ltr'>apud</span> <span class='ocrx_word' id='word_1_305' title='bbox 1241 4385 1323 4440; x_wconf 79' lang='lat' dir='ltr'>Stdlz.</span> 
     </span>
     <span class='ocr_line' id='line_1_36' title="bbox 220 4482 441 4552; baseline 0.032 -18"><span class='ocrx_word' id='word_1_306' title='bbox 220 4482 441 4552; x_wconf 43' lang='lat' dir='ltr'>pmssst</span> 
     </span>
    </p>
   </div>
   <div class='ocr_carea' id='block_1_6' title="bbox 0 0 1594 5202">
    <p class='ocr_par' dir='ltr' id='par_1_6' title="bbox 0 0 1594 5202">
     <span class='ocr_line' id='line_1_37' title="bbox 0 0 1594 5202; baseline 0 0"><span class='ocrx_word' id='word_1_307' title='bbox 0 0 1594 5202; x_wconf 95' lang='lat' dir='ltr'> </span> 
     </span>
    </p>
   </div>
  </div>
 </body>
</html>
