3158 5212
1294 467 1335 530 65

127 630 283 716 deponere
295 629 465 702 festinaret.
489 636 626 703 Econtra
649 652 721 700 vero
743 634 915 718 imperator
938 633 1111 702 obsistebat
1133 637 1258 703 dicens:
1281 642 1336 702 ant

127 747 206 811 velle
217 761 252 811 se
263 747 369 812 omnia
381 749 498 833 regaha
509 748 548 812 ad
559 746 726 830 imperium
737 745 900 812 detrahere
911 749 1172 834 autiuepisoopis
1185 750 1336 816 constitu-

126 855 214 923 endis
227 859 485 926 consuetudinem
507 859 670 943 antiquam
694 859 836 925 retinere.
859 859 949 942 Quod
972 845 998 925 si
1020 860 1160 943 placeret
1189 861 1336 927 ecclesiae

125 966 225 1034 libera
237 970 401 1054 episcopos
425 969 559 1055 eligendi
585 969 718 1037 facultas
734 971 874 1054 imperio,
899 988 1045 1055 quaesua
1058 974 1140 1052 sunt,
1170 973 1334 1038 redderent

126 1083 157 1146 et
179 1080 226 1148 sic
248 1079 348 1148 libera
370 1083 519 1149 electione
539 1082 726 1166 potirentur.
749 1083 894 1167 Episcopi
910 1100 984 1148 sane
1000 1101 1036 1148 ox
1049 1081 1208 1166 regalibus
1223 1081 1335 1148 diuites

126 1193 235 1258 contra
246 1192 428 1260 nitebantur
439 1195 586 1276 deonas,
603 1196 819 1280 opiscoporum
842 1196 1007 1260 electiones
1030 1195 1200 1260 secundum
1212 1193 1335 1276 regulas

125 1323 282 1372 moenum
293 1304 419 1371 omnino
429 1305 544 1372 liberas
557 1325 626 1373 esse
637 1305 758 1387 debore,
768 1324 830 1372 non
847 1325 915 1372 esse
926 1309 1032 1372 autem
1043 1322 1178 1389 aequum
1190 1303 1335 1369 ecclesias

125 1417 247 1502 regales
270 1416 394 1483 divitias
416 1421 471 1484 aut
492 1418 625 1484 honores
648 1419 785 1502 perdere,
810 1435 887 1501 quae
908 1416 972 1482 illis
990 1433 1134 1501 aregum
1148 1414 1336 1482 liberalitate

124 1528 262 1596 luissent
275 1528 372 1597 libere
386 1532 527 1612 collatae,
549 1530 647 1597 immo
663 1549 735 1597 uero
751 1548 807 1614 par
833 1549 901 1596 esse
923 1527 1058 1612 ajebaut,
1082 1531 1126 1611 ut,
1146 1527 1218 1612 quia
1234 1527 1336 1593 sancti

123 1637 184 1704 Dei
197 1641 355 1723 martyres
371 1659 390 1705 a
404 1638 530 1725 regibus
545 1640 675 1725 paganis
690 1658 753 1707 non
768 1642 872 1707 solum
886 1642 1045 1706 tormenta
1060 1639 1114 1704 sed
1130 1641 1162 1705 et
1173 1639 1336 1703 contume-

122 1748 183 1815 lias
206 1749 422 1833 sustinuerint,
444 1771 527 1819 nunc
549 1772 604 1837 pro
627 1751 816 1818 contumelia
837 1769 983 1836 perpessa
1004 1749 1104 1835 gloria
1126 1748 1295 1814 ethonore
1317 1766 1336 1814 a

123 1859 253 1944 regibus
267 1861 486 1931 sublimentur.
501 1862 607 1947 Atque
617 1863 711 1947 hujus
723 1864 778 1942 rei,
794 1866 860 1928 tam
871 1861 1016 1928 uidelicet
1027 1859 1144 1946 gloriae
1156 1876 1250 1943 quam
1262 1877 1336 1924 oon·

123 1972 283 2054 tumeliae,
305 1976 417 2058 typum
432 1974 637 2058 praecessisse
652 1973 741 2040 aiunt
761 1973 795 2038 in
817 1972 945 2057 Joseph,
970 1972 1023 2057 qui
1045 1973 1083 2037 de
1106 1988 1228 2036 carcere
1250 1968 1334 2053 regis

122 2083 273 2170 Aegypti,
307 2103 400 2169 quem
422 2085 527 2170 inique
547 2105 715 2172 perpessus
738 2090 796 2166 est,
819 2085 852 2150 in
874 2103 1002 2150 currum
1024 2082 1198 2148 Pharaonis
1225 2099 1336 2147 secun·

123 2194 201 2259 dum
224 2193 413 2260 subhmatus
446 2196 533 2281 regio
565 2197 694 2280 insuper
726 2197 840 2262 annulo
863 2197 1026 2263 decoratus
1049 2194 1110 2272 sit;
1143 2192 1236 2276 idque
1267 2209 1334 2256 esse
1411 2191 1414 2198 '

123 2304 208 2389 quod
223 2303 255 2368 in
275 2303 411 2372 canticis
428 2306 620 2373 canticorum
642 2325 776 2392 sponsae
798 2325 816 2372 a
839 2326 953 2391 sponso
970 2305 1100 2371 dicitur:
1123 2301 1335 2389 Equitatui

123 2433 209 2481 meo
232 2415 270 2481 iu
292 2415 487 2483 curribus
510 2418 735 2485 Pharaonis
759 2417 992 2485 assimilari
1011 2415 1191 2482 teamica
1213 2411 1335 2498 mea.¹)

123 2523 193 2590 Nec
215 2543 299 2606 vero,
321 2525 475 2611 inquiunt,
510 2547 571 2595 uon
604 2530 719 2597 idcirco
741 2549 804 2598 non
827 2534 875 2596 est
897 2529 998 2594 amica
1020 2531 1052 2594 et
1073 2526 1187 2592 dilecta
1209 2525 1333 2595 Ohristo

125 2636 266 2716 ecclesia,
301 2637 383 2721 quod
412 2638 446 2704 in
475 2639 617 2707 curribus
638 2641 810 2708 Pharaonis
846 2639 998 2725 equitatui
1021 2637 1139 2706 Christi
1160 2635 1193 2701 in
1214 2634 1333 2720 Joseph

125 2748 230 2832 typice
251 2747 412 2815 sublimati
444 2751 617 2818 assimilata
645 2753 697 2835 sit,
721 2754 802 2819 sicut
824 2753 907 2817 idem
929 2749 1049 2832 Joseph
1070 2766 1132 2812 non
1153 2744 1267 2810 idcirco
1289 2745 1333 2809 di-

124 2859 227 2926 lectus
249 2860 316 2925 Deo
350 2863 382 2926 et
413 2860 593 2928 hominibus
627 2864 810 2931 Patriurcha
843 2881 912 2928 esse
944 2859 1046 2939 desiit,
1081 2856 1163 2942 quod
1185 2856 1217 2921 in
1240 2874 1333 2920 curru

125 2969 299 3036 Pharaonis
323 2972 506 3054 consederit,
532 2974 686 3059 siquidem
705 2994 777 3043 eum
801 2993 910 3040 currus
927 2969 1097 3037 Pharaonis
1120 2986 1183 3033 nou
1205 2966 1334 3032 obtrivit

125 3082 178 3148 rel
199 3081 338 3162 extinxit,
361 3081 459 3166 ajunt,
483 3085 538 3150 sed
563 3086 720 3152 exaltarit.
744 3085 795 3152 Sic
821 3103 905 3170 ergo,
921 3081 1075 3166 inquiunt,
1099 3081 1130 3144 et
1150 3095 1229 3162 papa
1245 3075 1331 3142 urbis

126 3193 246 3258 Romae
269 3190 420 3260 Silvester
453 3213 516 3261 non
547 3195 661 3262 idcirco
685 3196 751 3262 Deo
774 3199 806 3261 et
827 3192 1005 3261 hominibus
1043 3192 1174 3258 dilectus
1196 3185 1333 3273 pontifex

127 3322 196 3370 esse
219 3303 322 3386 desiit,
348 3307 430 3390 quod
453 3325 524 3372 eum
547 3305 770 3374 Constantinus
782 3307 946 3392 Augustus
970 3302 1067 3388 regali
1089 3319 1167 3386 equo
1190 3302 1222 3364 et
1239 3299 1333 3364 sellae

125 3416 310 3501 impositum
338 3415 496 3502 regalibus
520 3416 708 3501 quibusdam
728 3419 856 3500 insuper
877 3414 1053 3500 insignibus
1077 3409 1244 3489 decorarit,
1280 3408 1331 3474 cui

127 3533 167 3598 ad
184 3530 312 3598 honoris
345 3530 506 3596 cumulum
538 3530 632 3595 etiam
653 3530 720 3615 ipse
741 3527 963 3598 Constantinus
996 3528 1104 3589 tenens
1127 3520 1252 3586 frenum
1276 3536 1332 3601 per

128 3643 288 3710 civitatem
310 3643 454 3709 stratoris
477 3641 616 3708 cilicium
639 3641 786 3708 exhibuit.
810 3639 900 3707 Unde
922 3655 1021 3721 usque
1042 3633 1134 3700 hodie
1156 3630 1332 3710 amborum,

126 3753 170 3838 pii
203 3753 348 3821 videlicet
380 3753 527 3839 principis
562 3752 759 3820 Constantini
791 3752 930 3834 itemque
961 3744 993 3813 b.
1027 3741 1170 3811 Silvestri
1201 3739 1334 3806 Romani

127 3861 299 3945 Pontifiois,
334 3865 486 3931 memoria
508 3864 543 3929 in
562 3862 776 3930 benedictione
813 3864 862 3927 ost
895 3863 926 3925 et
947 3856 1062 3923 futuris
1085 3869 1208 3936 semper
1240 3847 1334 3916 debet

129 3995 196 4045 osse
218 3974 423 4060 temporibus.
468 3974 633 4062 Adjioiunt
664 3993 786 4059 quoque
808 3976 840 4039 et
862 3971 986 4037 dicuntz
1029 3969 1099 4034 Hoc
1131 3965 1169 4031 de
1203 3963 1333 4029 ecclesia

128 4088 324 4156 sentiendum
347 4090 405 4170 est,
436 4087 519 4174 quod
556 4089 587 4152 et
607 4085 641 4151 in
664 4084 787 4153 Christo
810 4083 899 4151 Jesu.
942 4079 1026 4147 Nam
1048 4078 1131 4145 sicut
1152 4077 1184 4142 in
1207 4074 1332 4143 Christo

126 4200 206 4269 Josu
227 4198 375 4266 distincta
395 4199 595 4266 inueniuntur
618 4202 761 4282 tempora
782 4193 939 4283 passionis
962 4195 993 4259 et
1015 4190 1149 4276 gloriae:
1195 4187 1333 4271 passi·

129 4311 217 4378 ouis
239 4310 385 4378 videlicet
406 4310 593 4395 praeteritae
616 4328 689 4377 oum
711 4310 836 4392 accepto
853 4307 942 4372 aceto
961 4302 1054 4368 dicit:
1077 4301 1332 4368 consummatum

130 4428 192 4492 est:
236 4423 391 4512 glorias
423 4441 496 4490 vero
518 4421 694 4507 incipientis
716 4420 799 4504 apud
819 4417 962 4484 homines
985 4433 1022 4482 ex
1044 4432 1104 4498 quo
1127 4428 1292 4496 resurgens
1314 4426 1333 4473 a

231 4614 251 4688 1)
269 4613 341 4672 ont.
362 4613 387 4670 1.
407 4611 433 4668 e.
1213 4684 1234 4752 5
