<?xml version="1.0" encoding="UTF-8"?>
<!DOCTYPE html PUBLIC "-//W3C//DTD XHTML 1.0 Transitional//EN"
    "http://www.w3.org/TR/xhtml1/DTD/xhtml1-transitional.dtd">
<html xmlns="http://www.w3.org/1999/xhtml" xml:lang="en" lang="en">
 <head>
  <title>
</title>
<meta http-equiv="Content-Type" content="text/html;charset=utf-8" />
  <meta name='ocr-system' content='tesseract 3.04.00' />
  <meta name='ocr-capabilities' content='ocr_page ocr_carea ocr_par ocr_line ocrx_word'/>
</head>
<body>
  <div class='ocr_page' id='page_1' title='image "./operahactenusin00schegoog_0254.png"; bbox 0 0 3168 5190; ppageno 0'>
   <div class='ocr_carea' id='block_1_1' title="bbox 1247 395 1311 462">
    <p class='ocr_par' dir='ltr' id='par_1_1' title="bbox 1247 395 1311 462">
     <span class='ocr_line' id='line_1_1' title="bbox 1247 395 1311 462; baseline 0.016 -1"><span class='ocrx_word' id='word_1_1' title='bbox 1247 395 1311 462; x_wconf 81' lang='grc'>239</span> 
     </span>
    </p>
   </div>
   <div class='ocr_carea' id='block_1_2' title="bbox 109 560 1314 1760">
    <p class='ocr_par' dir='ltr' id='par_1_2' title="bbox 109 560 1314 1760">
     <span class='ocr_line' id='line_1_2' title="bbox 111 560 1312 652; baseline 0.004 -24"><span class='ocrx_word' id='word_1_2' title='bbox 111 561 226 628; x_wconf 78' lang='lat' dir='ltr'>lienus</span> <span class='ocrx_word' id='word_1_3' title='bbox 257 580 312 645; x_wconf 88' lang='lat' dir='ltr'>per</span> <span class='ocrx_word' id='word_1_4' title='bbox 345 579 417 626; x_wconf 91' lang='lat' dir='ltr'>eum</span> <span class='ocrx_word' id='word_1_5' title='bbox 450 562 595 644; x_wconf 85' lang='lat' dir='ltr'>coeptum</span> <span class='ocrx_word' id='word_1_6' title='bbox 624 564 673 626; x_wconf 89' lang='lat' dir='ltr'>est</span> <span class='ocrx_word' id='word_1_7' title='bbox 693 560 827 628; x_wconf 86' lang='lat' dir='ltr'>aetitari.</span> <span class='ocrx_word' id='word_1_8' title='bbox 871 560 916 628; x_wconf 83' lang='lat' dir='ltr'>Et</span> <span class='ocrx_word' id='word_1_9' title='bbox 938 563 1079 647; x_wconf 84' lang='lat' dir='ltr'>quamuis</span> <span class='ocrx_word' id='word_1_10' title='bbox 1111 585 1166 651; x_wconf 90' lang='lat' dir='ltr'>per</span> <span class='ocrx_word' id='word_1_11' title='bbox 1184 567 1312 652; x_wconf 78' lang='lat' dir='ltr'><strong>angelos</strong></span> 
     </span>
     <span class='ocr_line' id='line_1_3' title="bbox 109 669 1313 762; baseline 0.004 -24"><span class='ocrx_word' id='word_1_12' title='bbox 109 671 337 738; x_wconf 71' lang='lat' dir='ltr'>illuminatores</span> <span class='ocrx_word' id='word_1_13' title='bbox 359 671 416 738; x_wconf 88' lang='lat' dir='ltr'>has</span> <span class='ocrx_word' id='word_1_14' title='bbox 437 669 507 738; x_wconf 89' lang='lat' dir='ltr'>fieri</span> <span class='ocrx_word' id='word_1_15' title='bbox 526 670 770 740; x_wconf 73' lang='lat' dir='ltr'>illuminationes</span> <span class='ocrx_word' id='word_1_16' title='bbox 807 673 969 740; x_wconf 83' lang='lat' dir='ltr'>enodamus</span> <span class='ocrx_word' id='word_1_17' title='bbox 994 677 1042 742; x_wconf 87' lang='lat' dir='ltr'>vel</span> <span class='ocrx_word' id='word_1_18' title='bbox 1063 675 1181 743; x_wconf 75' lang='lat' dir='ltr'>amium</span> <span class='ocrx_word' id='word_1_19' title='bbox 1203 677 1313 762; x_wconf 81' lang='lat' dir='ltr'>sponsi</span> 
     </span>
     <span class='ocr_line' id='line_1_4' title="bbox 110 765 1314 868; baseline 0.005 -20"><span class='ocrx_word' id='word_1_20' title='bbox 110 765 247 850; x_wconf 74' lang='lat' dir='ltr'>solantes</span> <span class='ocrx_word' id='word_1_21' title='bbox 281 801 395 868; x_wconf 89' lang='lat' dir='ltr'>sponso</span> <span class='ocrx_word' id='word_1_22' title='bbox 417 800 481 849; x_wconf 91' lang='lat' dir='ltr'>non</span> <span class='ocrx_word' id='word_1_23' title='bbox 503 780 573 864; x_wconf 87' lang='lat' dir='ltr'>sibi,</span> <span class='ocrx_word' id='word_1_24' title='bbox 596 801 720 850; x_wconf 89' lang='lat' dir='ltr'>summo</span> <span class='ocrx_word' id='word_1_25' title='bbox 757 787 863 852; x_wconf 89' lang='lat' dir='ltr'>tamen</span> <span class='ocrx_word' id='word_1_26' title='bbox 894 784 1100 854; x_wconf 89' lang='lat' dir='ltr'>illuminatori</span> <span class='ocrx_word' id='word_1_27' title='bbox 1121 785 1223 854; x_wconf 87' lang='lat' dir='ltr'>Verbo</span> <span class='ocrx_word' id='word_1_28' title='bbox 1255 787 1314 854; x_wconf 90' lang='lat' dir='ltr'>Dei</span> 
     </span>
     <span class='ocr_line' id='line_1_5' title="bbox 109 894 1314 983; baseline 0.004 -23"><span class='ocrx_word' id='word_1_29' title='bbox 109 894 175 962; x_wconf 87' lang='lat' dir='ltr'>Deo</span> <span class='ocrx_word' id='word_1_30' title='bbox 207 894 447 962; x_wconf 79' lang='lat' dir='ltr'>illuminationis</span> <span class='ocrx_word' id='word_1_31' title='bbox 480 894 578 962; x_wconf 72' lang='lat' dir='ltr'>totus</span> <span class='ocrx_word' id='word_1_32' title='bbox 612 896 782 964; x_wconf 85' lang='lat' dir='ltr'>auotoritas</span> <span class='ocrx_word' id='word_1_33' title='bbox 803 900 836 964; x_wconf 90' lang='lat' dir='ltr'>et</span> <span class='ocrx_word' id='word_1_34' title='bbox 856 897 1048 982; x_wconf 79' lang='lat' dir='ltr'>principatus</span> <span class='ocrx_word' id='word_1_35' title='bbox 1081 900 1222 979; x_wconf 77' lang='lat' dir='ltr'>constat,</span> <span class='ocrx_word' id='word_1_36' title='bbox 1260 899 1314 983; x_wconf 87' lang='lat' dir='ltr'>qui</span> 
     </span>
     <span class='ocr_line' id='line_1_6' title="bbox 110 1005 1311 1094; baseline 0.002 -20"><span class='ocrx_word' id='word_1_37' title='bbox 110 1007 195 1074; x_wconf 88' lang='lat' dir='ltr'>solus</span> <span class='ocrx_word' id='word_1_38' title='bbox 218 1006 311 1072; x_wconf 86' lang='lat' dir='ltr'>docet</span> <span class='ocrx_word' id='word_1_39' title='bbox 332 1005 490 1072; x_wconf 88' lang='lat' dir='ltr'>hominem</span> <span class='ocrx_word' id='word_1_40' title='bbox 511 1005 674 1075; x_wconf 87' lang='lat' dir='ltr'>seientiam</span> <span class='ocrx_word' id='word_1_41' title='bbox 695 1027 778 1076; x_wconf 90' lang='lat' dir='ltr'>unus</span> <span class='ocrx_word' id='word_1_42' title='bbox 800 1027 838 1076; x_wconf 89' lang='lat' dir='ltr'>ao</span> <span class='ocrx_word' id='word_1_43' title='bbox 859 1011 945 1077; x_wconf 89' lang='lat' dir='ltr'>solus</span> <span class='ocrx_word' id='word_1_44' title='bbox 967 1009 1118 1094; x_wconf 78' lang='lat' dir='ltr'>magister</span> <span class='ocrx_word' id='word_1_45' title='bbox 1131 1008 1311 1076; x_wconf 84' lang='lat' dir='ltr'>illuminans</span> 
     </span>
     <span class='ocr_line' id='line_1_7' title="bbox 110 1115 1312 1205; baseline 0.003 -23"><span class='ocrx_word' id='word_1_46' title='bbox 110 1135 236 1183; x_wconf 89' lang='lat' dir='ltr'>omnem</span> <span class='ocrx_word' id='word_1_47' title='bbox 257 1115 416 1182; x_wconf 86' lang='lat' dir='ltr'>hominem</span> <span class='ocrx_word' id='word_1_48' title='bbox 437 1116 612 1186; x_wconf 81' lang='lat' dir='ltr'>uenientem</span> <span class='ocrx_word' id='word_1_49' title='bbox 632 1118 666 1186; x_wconf 92' lang='lat' dir='ltr'>in</span> <span class='ocrx_word' id='word_1_50' title='bbox 686 1117 769 1188; x_wconf 86' lang='lat' dir='ltr'>hune</span> <span class='ocrx_word' id='word_1_51' title='bbox 791 1121 953 1188; x_wconf 89' lang='lat' dir='ltr'>muudum.</span> <span class='ocrx_word' id='word_1_52' title='bbox 975 1120 1037 1205; x_wconf 83' lang='lat' dir='ltr'>Qui</span> <span class='ocrx_word' id='word_1_53' title='bbox 1055 1118 1173 1187; x_wconf 87' lang='lat' dir='ltr'>habens</span> <span class='ocrx_word' id='word_1_54' title='bbox 1193 1121 1312 1188; x_wconf 68' lang='lat' dir='ltr'>omrem</span> 
     </span>
     <span class='ocr_line' id='line_1_8' title="bbox 112 1226 1314 1316; baseline 0.006 -22"><span class='ocrx_word' id='word_1_55' title='bbox 112 1226 224 1312; x_wconf 83' lang='lat' dir='ltr'>David,</span> <span class='ocrx_word' id='word_1_56' title='bbox 247 1227 348 1311; x_wconf 86' lang='lat' dir='ltr'>aperit</span> <span class='ocrx_word' id='word_1_57' title='bbox 369 1230 400 1294; x_wconf 89' lang='lat' dir='ltr'>ot</span> <span class='ocrx_word' id='word_1_58' title='bbox 420 1247 512 1296; x_wconf 90' lang='lat' dir='ltr'>nemo</span> <span class='ocrx_word' id='word_1_59' title='bbox 536 1229 669 1312; x_wconf 63' lang='lat' dir='ltr'>munit,</span> <span class='ocrx_word' id='word_1_60' title='bbox 691 1231 808 1299; x_wconf 86' lang='lat' dir='ltr'>olandit</span> <span class='ocrx_word' id='word_1_61' title='bbox 830 1235 863 1299; x_wconf 88' lang='lat' dir='ltr'>st</span> <span class='ocrx_word' id='word_1_62' title='bbox 882 1247 972 1299; x_wconf 91' lang='lat' dir='ltr'>nemo</span> <span class='ocrx_word' id='word_1_63' title='bbox 994 1231 1102 1316; x_wconf 87' lang='lat' dir='ltr'>aperit.</span> <span class='ocrx_word' id='word_1_64' title='bbox 1147 1231 1244 1300; x_wconf 88' lang='lat' dir='ltr'>Aliud</span> <span class='ocrx_word' id='word_1_65' title='bbox 1266 1235 1314 1300; x_wconf 86' lang='lat' dir='ltr'>ert</span> 
     </span>
     <span class='ocr_line' id='line_1_9' title="bbox 110 1338 1310 1425; baseline 0.005 -19"><span class='ocrx_word' id='word_1_66' title='bbox 110 1338 192 1406; x_wconf 92' lang='lat' dir='ltr'>enim</span> <span class='ocrx_word' id='word_1_67' title='bbox 206 1341 368 1406; x_wconf 77' lang='lat' dir='ltr'>auctorem</span> <span class='ocrx_word' id='word_1_68' title='bbox 382 1340 415 1404; x_wconf 91' lang='lat' dir='ltr'>et</span> <span class='ocrx_word' id='word_1_69' title='bbox 429 1339 590 1423; x_wconf 87' lang='lat' dir='ltr'>arbitrum,</span> <span class='ocrx_word' id='word_1_70' title='bbox 602 1342 688 1410; x_wconf 88' lang='lat' dir='ltr'>aliud</span> <span class='ocrx_word' id='word_1_71' title='bbox 708 1343 889 1410; x_wconf 84' lang='lat' dir='ltr'>mimstrum</span> <span class='ocrx_word' id='word_1_72' title='bbox 909 1341 1145 1410; x_wconf 74' lang='lat' dir='ltr'>illuminationis</span> <span class='ocrx_word' id='word_1_73' title='bbox 1169 1343 1310 1425; x_wconf 87' lang='lat' dir='ltr'>existere,</span> 
     </span>
     <span class='ocr_line' id='line_1_10' title="bbox 110 1450 1312 1541; baseline 0.003 -23"><span class='ocrx_word' id='word_1_74' title='bbox 110 1450 193 1518; x_wconf 84' lang='lat' dir='ltr'>aliud</span> <span class='ocrx_word' id='word_1_75' title='bbox 214 1450 319 1516; x_wconf 86' lang='lat' dir='ltr'>lnoem</span> <span class='ocrx_word' id='word_1_76' title='bbox 340 1467 447 1517; x_wconf 84' lang='lat' dir='ltr'>veram</span> <span class='ocrx_word' id='word_1_77' title='bbox 470 1468 538 1519; x_wconf 75' lang='lat' dir='ltr'>mse</span> <span class='ocrx_word' id='word_1_78' title='bbox 570 1469 631 1536; x_wconf 84' lang='lat' dir='ltr'>qua</span> <span class='ocrx_word' id='word_1_79' title='bbox 651 1452 874 1535; x_wconf 90' lang='lat' dir='ltr'>illuminamur,</span> <span class='ocrx_word' id='word_1_80' title='bbox 897 1452 982 1522; x_wconf 87' lang='lat' dir='ltr'>aliud</span> <span class='ocrx_word' id='word_1_81' title='bbox 1004 1454 1083 1522; x_wconf 86' lang='lat' dir='ltr'>lueis</span> <span class='ocrx_word' id='word_1_82' title='bbox 1106 1473 1196 1522; x_wconf 84' lang='lat' dir='ltr'>verae</span> <span class='ocrx_word' id='word_1_83' title='bbox 1211 1455 1312 1541; x_wconf 91' lang='lat' dir='ltr'>parti·</span> 
     </span>
     <span class='ocr_line' id='line_1_11' title="bbox 111 1561 1312 1648; baseline 0.002 -18"><span class='ocrx_word' id='word_1_84' title='bbox 111 1561 226 1648; x_wconf 83' lang='lat' dir='ltr'>eipium</span> <span class='ocrx_word' id='word_1_85' title='bbox 259 1565 292 1628; x_wconf 89' lang='lat' dir='ltr'>et</span> <span class='ocrx_word' id='word_1_86' title='bbox 322 1561 517 1629; x_wconf 86' lang='lat' dir='ltr'>illuminandi</span> <span class='ocrx_word' id='word_1_87' title='bbox 553 1561 691 1630; x_wconf 79' lang='lat' dir='ltr'>officium</span> <span class='ocrx_word' id='word_1_88' title='bbox 727 1582 790 1632; x_wconf 94' lang='lat' dir='ltr'>nou</span> <span class='ocrx_word' id='word_1_89' title='bbox 825 1565 863 1632; x_wconf 85' lang='lat' dir='ltr'>de</span> <span class='ocrx_word' id='word_1_90' title='bbox 895 1583 952 1632; x_wconf 92' lang='lat' dir='ltr'>suo</span> <span class='ocrx_word' id='word_1_91' title='bbox 985 1566 1041 1633; x_wconf 91' lang='lat' dir='ltr'>sed</span> <span class='ocrx_word' id='word_1_92' title='bbox 1073 1584 1110 1633; x_wconf 85' lang='lat' dir='ltr'>er</span> <span class='ocrx_word' id='word_1_93' title='bbox 1142 1566 1200 1634; x_wconf 88' lang='lat' dir='ltr'>Dei</span> <span class='ocrx_word' id='word_1_94' title='bbox 1231 1567 1312 1632; x_wconf 82' lang='lat' dir='ltr'>dono</span> 
     </span>
     <span class='ocr_line' id='line_1_12' title="bbox 111 1673 279 1760; baseline 0 -18"><span class='ocrx_word' id='word_1_95' title='bbox 111 1673 279 1760; x_wconf 83' lang='lat' dir='ltr'>possidere.</span> 
     </span>
    </p>
   </div>
   <div class='ocr_carea' id='block_1_3' title="bbox 569 2061 858 2131">
    <p class='ocr_par' dir='ltr' id='par_1_3' title="bbox 569 2061 858 2131">
     <span class='ocr_line' id='line_1_13' title="bbox 569 2061 858 2131; baseline 0.014 -13"><span class='ocrx_word' id='word_1_96' title='bbox 569 2062 679 2131; x_wconf 80' lang='lat' dir='ltr'>cap.</span> <span class='ocrx_word' id='word_1_97' title='bbox 697 2061 858 2122; x_wconf 79' lang='lat' dir='ltr'><strong>XXIV.</strong></span> 
     </span>
    </p>
   </div>
   <div class='ocr_carea' id='block_1_4' title="bbox 111 2185 1315 2361">
    <p class='ocr_par' dir='ltr' id='par_1_4' title="bbox 111 2185 1315 2361">
     <span class='ocr_line' id='line_1_14' title="bbox 111 2185 1315 2360; baseline 0.007 -106"><span class='ocrx_word' id='word_1_98' title='bbox 111 2185 306 2255; x_wconf 83' lang='lat' dir='ltr'>Differentia</span> <span class='ocrx_word' id='word_1_99' title='bbox 341 2186 431 2255; x_wconf 84' lang='lat' dir='ltr'>inter</span> <span class='ocrx_word' id='word_1_100' title='bbox 465 2205 575 2256; x_wconf 83' lang='lat' dir='ltr'>veram</span> <span class='ocrx_word' id='word_1_101' title='bbox 609 2185 724 2360; x_wconf 51' lang='lat' dir='ltr'>him·</span> <span class='ocrx_word' id='word_1_102' title='bbox 750 2189 783 2256; x_wconf 92' lang='lat' dir='ltr'>et</span> <span class='ocrx_word' id='word_1_103' title='bbox 815 2187 1054 2258; x_wconf 86' lang='lat' dir='ltr'>illuminatores</span> <span class='ocrx_word' id='word_1_104' title='bbox 1089 2188 1224 2278; x_wconf 79' lang='lat' dir='ltr'>angelos</span> <span class='ocrx_word' id='word_1_105' title='bbox 1261 2190 1315 2262; x_wconf 86' lang='lat' dir='ltr'>uel</span> 
     </span>
     <span class='ocr_line' id='line_1_15' title="bbox 662 2310 794 2361; baseline -0.008 0"><span class='ocrx_word' id='word_1_106' title='bbox 662 2310 794 2361; x_wconf 87' lang='lat' dir='ltr'>ommes.</span> 
     </span>
    </p>
   </div>
   <div class='ocr_carea' id='block_1_5' title="bbox 113 2476 1315 4563">
    <p class='ocr_par' dir='ltr' id='par_1_5' title="bbox 113 2476 1315 4563">
     <span class='ocr_line' id='line_1_16' title="bbox 213 2476 1314 2564; baseline -0.001 -16"><span class='ocrx_word' id='word_1_107' title='bbox 213 2479 306 2548; x_wconf 83' lang='lat' dir='ltr'>Nune</span> <span class='ocrx_word' id='word_1_108' title='bbox 327 2479 366 2546; x_wconf 88' lang='lat' dir='ltr'>de</span> <span class='ocrx_word' id='word_1_109' title='bbox 387 2477 534 2564; x_wconf 84' lang='lat' dir='ltr'>angeliois</span> <span class='ocrx_word' id='word_1_110' title='bbox 558 2476 721 2564; x_wconf 88' lang='lat' dir='ltr'>spiritibus</span> <span class='ocrx_word' id='word_1_111' title='bbox 736 2478 972 2563; x_wconf 82' lang='lat' dir='ltr'>perfectioribus</span> <span class='ocrx_word' id='word_1_112' title='bbox 996 2479 1161 2547; x_wconf 87' lang='lat' dir='ltr'>dieendum</span> <span class='ocrx_word' id='word_1_113' title='bbox 1182 2487 1265 2549; x_wconf 88' lang='lat' dir='ltr'>esset</span> <span class='ocrx_word' id='word_1_114' title='bbox 1286 2481 1314 2550; x_wconf 89' lang='lat' dir='ltr'>si</span> 
     </span>
     <span class='ocr_line' id='line_1_17' title="bbox 113 2593 1311 2690; baseline -0.007 -22"><span class='ocrx_word' id='word_1_115' title='bbox 113 2605 166 2690; x_wconf 89' lang='lat' dir='ltr'>qui</span> <span class='ocrx_word' id='word_1_116' title='bbox 186 2600 282 2684; x_wconf 84' lang='lat' dir='ltr'>digne</span> <span class='ocrx_word' id='word_1_117' title='bbox 304 2595 419 2662; x_wconf 83' lang='lat' dir='ltr'>diceret</span> <span class='ocrx_word' id='word_1_118' title='bbox 440 2593 597 2680; x_wconf 82' lang='lat' dir='ltr'>perfectus</span> <span class='ocrx_word' id='word_1_119' title='bbox 621 2599 690 2677; x_wconf 87' lang='lat' dir='ltr'>quis</span> <span class='ocrx_word' id='word_1_120' title='bbox 711 2593 843 2660; x_wconf 87' lang='lat' dir='ltr'>invenrri</span> <span class='ocrx_word' id='word_1_121' title='bbox 864 2594 980 2678; x_wconf 88' lang='lat' dir='ltr'>posset.</span> <span class='ocrx_word' id='word_1_122' title='bbox 1016 2593 1206 2678; x_wconf 84' lang='lat' dir='ltr'>Purgatione</span> <span class='ocrx_word' id='word_1_123' title='bbox 1227 2611 1311 2660; x_wconf 89' lang='lat' dir='ltr'>nam-</span> 
     </span>
     <span class='ocr_line' id='line_1_18' title="bbox 114 2704 1314 2800; baseline -0.007 -20"><span class='ocrx_word' id='word_1_124' title='bbox 114 2733 172 2800; x_wconf 89' lang='lat' dir='ltr'>que</span> <span class='ocrx_word' id='word_1_125' title='bbox 193 2709 289 2778; x_wconf 90' lang='lat' dir='ltr'>simul</span> <span class='ocrx_word' id='word_1_126' title='bbox 310 2709 343 2773; x_wconf 92' lang='lat' dir='ltr'>et</span> <span class='ocrx_word' id='word_1_127' title='bbox 362 2704 589 2771; x_wconf 78' lang='lat' dir='ltr'>illuminatione</span> <span class='ocrx_word' id='word_1_128' title='bbox 604 2704 763 2770; x_wconf 91' lang='lat' dir='ltr'>rationalis</span> <span class='ocrx_word' id='word_1_129' title='bbox 780 2707 939 2771; x_wconf 78' lang='lat' dir='ltr'>creaturae</span> <span class='ocrx_word' id='word_1_130' title='bbox 961 2709 1185 2787; x_wconf 86' lang='lat' dir='ltr'>eonsummata,</span> <span class='ocrx_word' id='word_1_131' title='bbox 1207 2724 1314 2772; x_wconf 86' lang='lat' dir='ltr'>neees-</span> 
     </span>
     <span class='ocr_line' id='line_1_19' title="bbox 113 2813 1314 2900; baseline -0.007 -9"><span class='ocrx_word' id='word_1_132' title='bbox 113 2824 193 2891; x_wconf 84' lang='lat' dir='ltr'>saria</span> <span class='ocrx_word' id='word_1_133' title='bbox 225 2817 387 2885; x_wconf 89' lang='lat' dir='ltr'>humilitas</span> <span class='ocrx_word' id='word_1_134' title='bbox 410 2818 442 2881; x_wconf 91' lang='lat' dir='ltr'>et</span> <span class='ocrx_word' id='word_1_135' title='bbox 461 2813 595 2880; x_wconf 74' lang='lat' dir='ltr'>ohuntas</span> <span class='ocrx_word' id='word_1_136' title='bbox 619 2817 675 2895; x_wconf 82' lang='lat' dir='ltr'>est,</span> <span class='ocrx_word' id='word_1_137' title='bbox 708 2817 922 2900; x_wconf 80' lang='lat' dir='ltr'>repurgatus</span> <span class='ocrx_word' id='word_1_138' title='bbox 945 2816 977 2880; x_wconf 93' lang='lat' dir='ltr'>et</span> <span class='ocrx_word' id='word_1_139' title='bbox 997 2814 1191 2880; x_wconf 89' lang='lat' dir='ltr'>illuminatus</span> <span class='ocrx_word' id='word_1_140' title='bbox 1221 2816 1314 2882; x_wconf 86' lang='lat' dir='ltr'>eorde</span> 
     </span>
     <span class='ocr_line' id='line_1_20' title="bbox 114 2922 1313 3012; baseline -0.007 -9"><span class='ocrx_word' id='word_1_141' title='bbox 114 2935 279 3003; x_wconf 86' lang='lat' dir='ltr'>extollatur</span> <span class='ocrx_word' id='word_1_142' title='bbox 290 2926 453 2994; x_wconf 86' lang='lat' dir='ltr'>ambulans</span> <span class='ocrx_word' id='word_1_143' title='bbox 476 2925 508 2990; x_wconf 92' lang='lat' dir='ltr'>in</span> <span class='ocrx_word' id='word_1_144' title='bbox 531 2925 653 3009; x_wconf 81' lang='lat' dir='ltr'>magnis</span> <span class='ocrx_word' id='word_1_145' title='bbox 676 2928 708 2992; x_wconf 91' lang='lat' dir='ltr'>et</span> <span class='ocrx_word' id='word_1_146' title='bbox 726 2925 760 2990; x_wconf 93' lang='lat' dir='ltr'>in</span> <span class='ocrx_word' id='word_1_147' title='bbox 781 2922 975 2991; x_wconf 87' lang='lat' dir='ltr'>mirabilibus</span> <span class='ocrx_word' id='word_1_148' title='bbox 998 2944 1092 3011; x_wconf 88' lang='lat' dir='ltr'>super</span> <span class='ocrx_word' id='word_1_149' title='bbox 1111 2945 1154 3006; x_wconf 85' lang='lat' dir='ltr'>se,</span> <span class='ocrx_word' id='word_1_150' title='bbox 1176 2926 1313 3012; x_wconf 81' lang='lat' dir='ltr'>glorians</span> 
     </span>
     <span class='ocr_line' id='line_1_21' title="bbox 113 3034 1315 3123; baseline -0.007 -10"><span class='ocrx_word' id='word_1_151' title='bbox 113 3044 252 3113; x_wconf 90' lang='lat' dir='ltr'>indonis</span> <span class='ocrx_word' id='word_1_152' title='bbox 273 3041 333 3107; x_wconf 89' lang='lat' dir='ltr'>Dei</span> <span class='ocrx_word' id='word_1_153' title='bbox 355 3037 614 3123; x_wconf 67' lang='lat' dir='ltr'>quamproprie,</span> <span class='ocrx_word' id='word_1_154' title='bbox 637 3056 677 3103; x_wconf 90' lang='lat' dir='ltr'>ne</span> <span class='ocrx_word' id='word_1_155' title='bbox 698 3035 778 3102; x_wconf 87' lang='lat' dir='ltr'>forte</span> <span class='ocrx_word' id='word_1_156' title='bbox 800 3034 832 3101; x_wconf 91' lang='lat' dir='ltr'>in</span> <span class='ocrx_word' id='word_1_157' title='bbox 855 3035 1032 3120; x_wconf 89' lang='lat' dir='ltr'>superbiam</span> <span class='ocrx_word' id='word_1_158' title='bbox 1055 3038 1154 3104; x_wconf 87' lang='lat' dir='ltr'>slatus</span> <span class='ocrx_word' id='word_1_159' title='bbox 1177 3039 1211 3104; x_wconf 93' lang='lat' dir='ltr'>in</span> <span class='ocrx_word' id='word_1_160' title='bbox 1229 3037 1315 3123; x_wconf 84' lang='lat' dir='ltr'>judi-</span> 
     </span>
     <span class='ocr_line' id='line_1_22' title="bbox 115 3146 1314 3233; baseline -0.007 -9"><span class='ocrx_word' id='word_1_161' title='bbox 115 3158 197 3224; x_wconf 88' lang='lat' dir='ltr'>eium</span> <span class='ocrx_word' id='word_1_162' title='bbox 218 3153 337 3220; x_wconf 86' lang='lat' dir='ltr'>ineidat</span> <span class='ocrx_word' id='word_1_163' title='bbox 358 3149 483 3228; x_wconf 78' lang='lat' dir='ltr'>diaboli,</span> <span class='ocrx_word' id='word_1_164' title='bbox 507 3150 571 3232; x_wconf 90' lang='lat' dir='ltr'>qui,</span> <span class='ocrx_word' id='word_1_165' title='bbox 585 3148 727 3233; x_wconf 85' lang='lat' dir='ltr'>ingratus</span> <span class='ocrx_word' id='word_1_166' title='bbox 743 3150 774 3213; x_wconf 87' lang='lat' dir='ltr'>et</span> <span class='ocrx_word' id='word_1_167' title='bbox 789 3146 912 3214; x_wconf 89' lang='lat' dir='ltr'>rebellis</span> <span class='ocrx_word' id='word_1_168' title='bbox 929 3147 1061 3213; x_wconf 83' lang='lat' dir='ltr'>existens</span> <span class='ocrx_word' id='word_1_169' title='bbox 1072 3148 1220 3215; x_wconf 84' lang='lat' dir='ltr'>aduersus</span> <span class='ocrx_word' id='word_1_170' title='bbox 1243 3169 1314 3216; x_wconf 91' lang='lat' dir='ltr'>eum</span> 
     </span>
     <span class='ocr_line' id='line_1_23' title="bbox 114 3239 1312 3351; baseline -0.006 -18"><span class='ocrx_word' id='word_1_171' title='bbox 114 3284 214 3351; x_wconf 89' lang='lat' dir='ltr'>aquo</span> <span class='ocrx_word' id='word_1_172' title='bbox 237 3264 311 3343; x_wconf 85' lang='lat' dir='ltr'>fnit,</span> <span class='ocrx_word' id='word_1_173' title='bbox 333 3266 495 3343; x_wconf 88' lang='lat' dir='ltr'>tamquam</span> <span class='ocrx_word' id='word_1_174' title='bbox 516 3239 621 3343; x_wconf 83' lang='lat' dir='ltr'>fulgur</span> <span class='ocrx_word' id='word_1_175' title='bbox 644 3259 682 3324; x_wconf 87' lang='lat' dir='ltr'>de</span> <span class='ocrx_word' id='word_1_176' title='bbox 703 3258 789 3324; x_wconf 92' lang='lat' dir='ltr'>ooelo</span> <span class='ocrx_word' id='word_1_177' title='bbox 812 3257 968 3342; x_wconf 84' lang='lat' dir='ltr'>projeetus</span> <span class='ocrx_word' id='word_1_178' title='bbox 992 3258 1111 3324; x_wconf 85' lang='lat' dir='ltr'>oeoidit.</span> <span class='ocrx_word' id='word_1_179' title='bbox 1154 3258 1216 3325; x_wconf 86' lang='lat' dir='ltr'>Hie</span> <span class='ocrx_word' id='word_1_180' title='bbox 1239 3279 1312 3345; x_wconf 79' lang='lat' dir='ltr'>ergo</span> 
     </span>
     <span class='ocr_line' id='line_1_24' title="bbox 114 3368 1313 3466; baseline -0.009 -19"><span class='ocrx_word' id='word_1_181' title='bbox 114 3378 324 3466; x_wconf 83' lang='lat' dir='ltr'>perfeetorum</span> <span class='ocrx_word' id='word_1_182' title='bbox 356 3370 459 3438; x_wconf 86' lang='lat' dir='ltr'>offioio</span> <span class='ocrx_word' id='word_1_183' title='bbox 483 3387 560 3453; x_wconf 92' lang='lat' dir='ltr'>opus</span> <span class='ocrx_word' id='word_1_184' title='bbox 582 3372 640 3447; x_wconf 77' lang='lat' dir='ltr'>est,</span> <span class='ocrx_word' id='word_1_185' title='bbox 671 3372 707 3434; x_wconf 90' lang='lat' dir='ltr'>ut</span> <span class='ocrx_word' id='word_1_186' title='bbox 738 3368 859 3434; x_wconf 87' lang='lat' dir='ltr'>animae</span> <span class='ocrx_word' id='word_1_187' title='bbox 892 3370 1046 3453; x_wconf 84' lang='lat' dir='ltr'>purgatae</span> <span class='ocrx_word' id='word_1_188' title='bbox 1068 3371 1099 3435; x_wconf 87' lang='lat' dir='ltr'>et</span> <span class='ocrx_word' id='word_1_189' title='bbox 1120 3368 1313 3436; x_wconf 89' lang='lat' dir='ltr'>illuminatae</span> 
     </span>
     <span class='ocr_line' id='line_1_25' title="bbox 114 3479 1313 3568; baseline -0.007 -12"><span class='ocrx_word' id='word_1_190' title='bbox 114 3489 234 3556; x_wconf 72' lang='lat' dir='ltr'>dirim</span> <span class='ocrx_word' id='word_1_191' title='bbox 257 3483 431 3568; x_wconf 88' lang='lat' dir='ltr'>majestatis</span> <span class='ocrx_word' id='word_1_192' title='bbox 454 3479 598 3547; x_wconf 90' lang='lat' dir='ltr'>timorem</span> <span class='ocrx_word' id='word_1_193' title='bbox 620 3483 652 3546; x_wconf 90' lang='lat' dir='ltr'>et</span> <span class='ocrx_word' id='word_1_194' title='bbox 674 3479 967 3565; x_wconf 80' lang='lat' dir='ltr'>contemplationem</span> <span class='ocrx_word' id='word_1_195' title='bbox 988 3480 1147 3565; x_wconf 83' lang='lat' dir='ltr'>ingerant,</span> <span class='ocrx_word' id='word_1_196' title='bbox 1172 3499 1210 3546; x_wconf 91' lang='lat' dir='ltr'>ne</span> <span class='ocrx_word' id='word_1_197' title='bbox 1232 3480 1313 3548; x_wconf 85' lang='lat' dir='ltr'>forte</span> 
     </span>
     <span class='ocr_line' id='line_1_26' title="bbox 115 3591 1313 3684; baseline -0.006 -20"><span class='ocrx_word' id='word_1_198' title='bbox 115 3599 254 3684; x_wconf 75' lang='lat' dir='ltr'>gloriam,</span> <span class='ocrx_word' id='word_1_199' title='bbox 277 3613 357 3680; x_wconf 89' lang='lat' dir='ltr'>quae</span> <span class='ocrx_word' id='word_1_200' title='bbox 372 3593 468 3659; x_wconf 86' lang='lat' dir='ltr'>solius</span> <span class='ocrx_word' id='word_1_201' title='bbox 485 3591 544 3657; x_wconf 92' lang='lat' dir='ltr'>Dei</span> <span class='ocrx_word' id='word_1_202' title='bbox 566 3594 623 3673; x_wconf 85' lang='lat' dir='ltr'>est,</span> <span class='ocrx_word' id='word_1_203' title='bbox 644 3591 704 3657; x_wconf 89' lang='lat' dir='ltr'>sibi</span> <span class='ocrx_word' id='word_1_204' title='bbox 724 3591 880 3676; x_wconf 78' lang='lat' dir='ltr'>rapientes</span> <span class='ocrx_word' id='word_1_205' title='bbox 902 3608 964 3656; x_wconf 95' lang='lat' dir='ltr'>non</span> <span class='ocrx_word' id='word_1_206' title='bbox 987 3591 1088 3656; x_wconf 89' lang='lat' dir='ltr'>solum</span> <span class='ocrx_word' id='word_1_207' title='bbox 1110 3591 1244 3674; x_wconf 84' lang='lat' dir='ltr'>gloriam</span> <span class='ocrx_word' id='word_1_208' title='bbox 1258 3591 1313 3657; x_wconf 87' lang='lat' dir='ltr'>sed</span> 
     </span>
     <span class='ocr_line' id='line_1_27' title="bbox 115 3700 1313 3795; baseline -0.008 -17"><span class='ocrx_word' id='word_1_209' title='bbox 115 3715 145 3778; x_wconf 90' lang='lat' dir='ltr'>et</span> <span class='ocrx_word' id='word_1_210' title='bbox 165 3709 303 3795; x_wconf 78' lang='lat' dir='ltr'>gmtiarn</span> <span class='ocrx_word' id='word_1_211' title='bbox 323 3705 479 3772; x_wconf 88' lang='lat' dir='ltr'>amittant.</span> <span class='ocrx_word' id='word_1_212' title='bbox 503 3701 696 3768; x_wconf 83' lang='lat' dir='ltr'>Periootores</span> <span class='ocrx_word' id='word_1_213' title='bbox 718 3704 824 3769; x_wconf 87' lang='lat' dir='ltr'>autem</span> <span class='ocrx_word' id='word_1_214' title='bbox 846 3718 898 3767; x_wconf 89' lang='lat' dir='ltr'>eas</span> <span class='ocrx_word' id='word_1_215' title='bbox 921 3701 1051 3767; x_wconf 85' lang='lat' dir='ltr'>virtutes</span> <span class='ocrx_word' id='word_1_216' title='bbox 1075 3700 1213 3782; x_wconf 74' lang='lat' dir='ltr'>dissum,</span> <span class='ocrx_word' id='word_1_217' title='bbox 1233 3719 1313 3787; x_wconf 84' lang='lat' dir='ltr'>quae</span> 
     </span>
     <span class='ocr_line' id='line_1_28' title="bbox 116 3811 1315 3906; baseline -0.007 -19"><span class='ocrx_word' id='word_1_218' title='bbox 116 3823 301 3906; x_wconf 85' lang='lat' dir='ltr'>apatemae</span> <span class='ocrx_word' id='word_1_219' title='bbox 334 3813 507 3898; x_wconf 67' lang='lat' dir='ltr'>majestatis</span> <span class='ocrx_word' id='word_1_220' title='bbox 545 3813 804 3896; x_wconf 82' lang='lat' dir='ltr'>contemplatione</span> <span class='ocrx_word' id='word_1_221' title='bbox 826 3815 949 3876; x_wconf 88' lang='lat' dir='ltr'>tantum</span> <span class='ocrx_word' id='word_1_222' title='bbox 970 3811 1157 3877; x_wconf 88' lang='lat' dir='ltr'>humilitatis</span> <span class='ocrx_word' id='word_1_223' title='bbox 1181 3815 1212 3878; x_wconf 91' lang='lat' dir='ltr'>et</span> <span class='ocrx_word' id='word_1_224' title='bbox 1234 3813 1315 3880; x_wconf 86' lang='lat' dir='ltr'>uari·</span> 
     </span>
     <span class='ocr_line' id='line_1_29' title="bbox 117 3922 1315 4010; baseline -0.008 -11"><span class='ocrx_word' id='word_1_225' title='bbox 117 3933 187 3998; x_wconf 88' lang='lat' dir='ltr'>tatis</span> <span class='ocrx_word' id='word_1_226' title='bbox 210 3929 390 4005; x_wconf 81' lang='lat' dir='ltr'>hauserunt,</span> <span class='ocrx_word' id='word_1_227' title='bbox 425 3929 461 3990; x_wconf 90' lang='lat' dir='ltr'>ut</span> <span class='ocrx_word' id='word_1_228' title='bbox 482 3942 544 3989; x_wconf 92' lang='lat' dir='ltr'>non</span> <span class='ocrx_word' id='word_1_229' title='bbox 565 3925 667 3990; x_wconf 91' lang='lat' dir='ltr'>solum</span> <span class='ocrx_word' id='word_1_230' title='bbox 699 3923 762 4009; x_wconf 91' lang='lat' dir='ltr'>ipsi</span> <span class='ocrx_word' id='word_1_231' title='bbox 783 3923 816 3988; x_wconf 91' lang='lat' dir='ltr'>iu</span> <span class='ocrx_word' id='word_1_232' title='bbox 839 3922 970 3988; x_wconf 88' lang='lat' dir='ltr'>summis</span> <span class='ocrx_word' id='word_1_233' title='bbox 1003 3922 1172 3990; x_wconf 85' lang='lat' dir='ltr'>uirtutibus</span> <span class='ocrx_word' id='word_1_234' title='bbox 1194 3925 1315 4010; x_wconf 89' lang='lat' dir='ltr'>praeei-</span> 
     </span>
     <span class='ocr_line' id='line_1_30' title="bbox 116 4021 1313 4126; baseline -0.007 -17"><span class='ocrx_word' id='word_1_235' title='bbox 116 4061 194 4126; x_wconf 89' lang='lat' dir='ltr'>puae</span> <span class='ocrx_word' id='word_1_236' title='bbox 213 4035 400 4105; x_wconf 86' lang='lat' dir='ltr'>humilitatis</span> <span class='ocrx_word' id='word_1_237' title='bbox 416 4021 447 4102; x_wconf 79' lang='lat' dir='ltr'>et</span> <span class='ocrx_word' id='word_1_238' title='bbox 461 4034 622 4100; x_wconf 87' lang='lat' dir='ltr'>eharitatis</span> <span class='ocrx_word' id='word_1_239' title='bbox 646 4035 719 4115; x_wconf 89' lang='lat' dir='ltr'>siut,</span> <span class='ocrx_word' id='word_1_240' title='bbox 742 4035 796 4100; x_wconf 85' lang='lat' dir='ltr'>sed</span> <span class='ocrx_word' id='word_1_241' title='bbox 819 4037 851 4100; x_wconf 92' lang='lat' dir='ltr'>et</span> <span class='ocrx_word' id='word_1_242' title='bbox 870 4034 939 4100; x_wconf 90' lang='lat' dir='ltr'>aliis</span> <span class='ocrx_word' id='word_1_243' title='bbox 961 4035 994 4099; x_wconf 91' lang='lat' dir='ltr'>in</span> <span class='ocrx_word' id='word_1_244' title='bbox 1016 4034 1132 4100; x_wconf 67' lang='lat' dir='ltr'>eudem</span> <span class='ocrx_word' id='word_1_245' title='bbox 1145 4034 1313 4102; x_wconf 82' lang='lat' dir='ltr'>virtutibus</span> 
     </span>
     <span class='ocr_line' id='line_1_31' title="bbox 116 4144 1313 4231; baseline -0.006 -11"><span class='ocrx_word' id='word_1_246' title='bbox 116 4148 367 4220; x_wconf 83' lang='lat' dir='ltr'>eonsummandis</span> <span class='ocrx_word' id='word_1_247' title='bbox 400 4145 557 4230; x_wconf 86' lang='lat' dir='ltr'>adjutores</span> <span class='ocrx_word' id='word_1_248' title='bbox 579 4149 611 4211; x_wconf 95' lang='lat' dir='ltr'>et</span> <span class='ocrx_word' id='word_1_249' title='bbox 633 4149 846 4231; x_wconf 79' lang='lat' dir='ltr'>cooperatores</span> <span class='ocrx_word' id='word_1_250' title='bbox 880 4144 1027 4211; x_wconf 84' lang='lat' dir='ltr'>divinitus</span> <span class='ocrx_word' id='word_1_251' title='bbox 1061 4145 1124 4210; x_wconf 92' lang='lat' dir='ltr'>sint</span> <span class='ocrx_word' id='word_1_252' title='bbox 1157 4145 1313 4213; x_wconf 83' lang='lat' dir='ltr'>destinati.</span> 
     </span>
     <span class='ocr_line' id='line_1_32' title="bbox 117 4255 1313 4342; baseline -0.006 -12"><span class='ocrx_word' id='word_1_253' title='bbox 117 4263 254 4330; x_wconf 90' lang='lat' dir='ltr'>Utuntur</span> <span class='ocrx_word' id='word_1_254' title='bbox 286 4262 444 4326; x_wconf 86' lang='lat' dir='ltr'>autemst</span> <span class='ocrx_word' id='word_1_255' title='bbox 466 4257 526 4342; x_wconf 90' lang='lat' dir='ltr'>ipsi</span> <span class='ocrx_word' id='word_1_256' title='bbox 559 4258 742 4342; x_wconf 84' lang='lat' dir='ltr'>augelorum</span> <span class='ocrx_word' id='word_1_257' title='bbox 775 4257 834 4322; x_wconf 93' lang='lat' dir='ltr'>sibi</span> <span class='ocrx_word' id='word_1_258' title='bbox 858 4255 1068 4339; x_wconf 84' lang='lat' dir='ltr'>subjectorum</span> <span class='ocrx_word' id='word_1_259' title='bbox 1099 4255 1133 4321; x_wconf 89' lang='lat' dir='ltr'>iu</span> <span class='ocrx_word' id='word_1_260' title='bbox 1154 4255 1213 4322; x_wconf 91' lang='lat' dir='ltr'>hoo</span> <span class='ocrx_word' id='word_1_261' title='bbox 1236 4275 1313 4341; x_wconf 91' lang='lat' dir='ltr'>opus</span> 
     </span>
     <span class='ocr_line' id='line_1_33' title="bbox 118 4363 1313 4453; baseline -0.003 -17"><span class='ocrx_word' id='word_1_262' title='bbox 118 4368 296 4448; x_wconf 82' lang='lat' dir='ltr'>ministerio,</span> <span class='ocrx_word' id='word_1_263' title='bbox 320 4367 398 4434; x_wconf 86' lang='lat' dir='ltr'>adeo</span> <span class='ocrx_word' id='word_1_264' title='bbox 423 4371 459 4432; x_wconf 90' lang='lat' dir='ltr'>ut</span> <span class='ocrx_word' id='word_1_265' title='bbox 480 4385 519 4432; x_wconf 92' lang='lat' dir='ltr'>ue</span> <span class='ocrx_word' id='word_1_266' title='bbox 539 4368 666 4452; x_wconf 86' lang='lat' dir='ltr'>angelos</span> <span class='ocrx_word' id='word_1_267' title='bbox 689 4364 837 4445; x_wconf 79' lang='lat' dir='ltr'>Satanae,</span> <span class='ocrx_word' id='word_1_268' title='bbox 871 4363 925 4432; x_wconf 87' lang='lat' dir='ltr'>ubi</span> <span class='ocrx_word' id='word_1_269' title='bbox 947 4385 1053 4434; x_wconf 89' lang='lat' dir='ltr'>eorum</span> <span class='ocrx_word' id='word_1_270' title='bbox 1074 4367 1212 4451; x_wconf 88' lang='lat' dir='ltr'>nequitia</span> <span class='ocrx_word' id='word_1_271' title='bbox 1234 4386 1313 4453; x_wconf 91' lang='lat' dir='ltr'>opus</span> 
     </span>
     <span class='ocr_line' id='line_1_34' title="bbox 118 4476 1314 4563; baseline -0.001 -17"><span class='ocrx_word' id='word_1_272' title='bbox 118 4491 173 4562; x_wconf 78' lang='lat' dir='ltr'>est,</span> <span class='ocrx_word' id='word_1_273' title='bbox 196 4481 335 4548; x_wconf 86' lang='lat' dir='ltr'>exolusos</span> <span class='ocrx_word' id='word_1_274' title='bbox 359 4477 547 4548; x_wconf 79' lang='lat' dir='ltr'>crediderim.</span> <span class='ocrx_word' id='word_1_275' title='bbox 572 4476 659 4546; x_wconf 78' lang='lat' dir='ltr'>&#39;lulis</span> <span class='ocrx_word' id='word_1_276' title='bbox 682 4478 764 4544; x_wconf 88' lang='lat' dir='ltr'>euim</span> <span class='ocrx_word' id='word_1_277' title='bbox 786 4480 867 4557; x_wconf 78' lang='lat' dir='ltr'>erat,</span> <span class='ocrx_word' id='word_1_278' title='bbox 892 4478 944 4560; x_wconf 88' lang='lat' dir='ltr'>qni</span> <span class='ocrx_word' id='word_1_279' title='bbox 965 4477 1005 4544; x_wconf 89' lang='lat' dir='ltr'>ad</span> <span class='ocrx_word' id='word_1_280' title='bbox 1027 4477 1210 4546; x_wconf 85' lang='lat' dir='ltr'>tentandum</span> <span class='ocrx_word' id='word_1_281' title='bbox 1232 4480 1314 4563; x_wconf 91' lang='lat' dir='ltr'>pati·</span> 
     </span>
    </p>
   </div>
   <div class='ocr_carea' id='block_1_6' title="bbox 0 0 1595 5190">
    <p class='ocr_par' dir='ltr' id='par_1_6' title="bbox 0 0 1595 5190">
     <span class='ocr_line' id='line_1_35' title="bbox 0 0 1595 5190; baseline 0 0"><span class='ocrx_word' id='word_1_282' title='bbox 0 0 1595 5190; x_wconf 95' lang='lat' dir='ltr'> </span> 
     </span>
    </p>
   </div>
  </div>
 </body>
</html>
