<?xml version="1.0" encoding="UTF-8"?>
<!DOCTYPE html PUBLIC "-//W3C//DTD XHTML 1.0 Transitional//EN"
    "http://www.w3.org/TR/xhtml1/DTD/xhtml1-transitional.dtd">
<html xmlns="http://www.w3.org/1999/xhtml" xml:lang="en" lang="en">
 <head>
  <title>
</title>
<meta http-equiv="Content-Type" content="text/html;charset=utf-8" />
  <meta name='ocr-system' content='tesseract 3.04.00' />
  <meta name='ocr-capabilities' content='ocr_page ocr_carea ocr_par ocr_line ocrx_word'/>
</head>
<body>
  <div class='ocr_page' id='page_1' title='image "./operahactenusin00schegoog_0248.png"; bbox 0 0 3168 5190; ppageno 0'>
   <div class='ocr_carea' id='block_1_1' title="bbox 1251 380 1315 450">
    <p class='ocr_par' dir='ltr' id='par_1_1' title="bbox 1251 380 1315 450">
     <span class='ocr_line' id='line_1_1' title="bbox 1251 380 1315 450; baseline 0 0"><span class='ocrx_word' id='word_1_1' title='bbox 1251 380 1315 450; x_wconf 76' lang='lat'>233</span> 
     </span>
    </p>
   </div>
   <div class='ocr_carea' id='block_1_2' title="bbox 111 551 1321 1425">
    <p class='ocr_par' dir='ltr' id='par_1_2' title="bbox 111 551 1321 1425">
     <span class='ocr_line' id='line_1_2' title="bbox 111 551 1315 640; baseline 0 -18"><span class='ocrx_word' id='word_1_2' title='bbox 111 551 358 622; x_wconf 85' lang='lat' dir='ltr'>rationabilibus·</span> <span class='ocrx_word' id='word_1_3' title='bbox 379 551 527 640; x_wconf 76' lang='lat' dir='ltr'><strong>physicae</strong></span> <span class='ocrx_word' id='word_1_4' title='bbox 549 554 581 620; x_wconf 88' lang='lat' dir='ltr'>et</span> <span class='ocrx_word' id='word_1_5' title='bbox 603 552 869 640; x_wconf 72' lang='lat' dir='ltr'>oonmmplationi,</span> <span class='ocrx_word' id='word_1_6' title='bbox 902 567 983 639; x_wconf 84' lang='lat' dir='ltr'>quae</span> <span class='ocrx_word' id='word_1_7' title='bbox 1012 554 1184 622; x_wconf 86' lang='lat' dir='ltr'>secundum</span> <span class='ocrx_word' id='word_1_8' title='bbox 1212 553 1315 622; x_wconf 87' lang='lat' dir='ltr'>Deum</span> 
     </span>
     <span class='ocr_line' id='line_1_3' title="bbox 111 663 1316 746; baseline -0.002 -14"><span class='ocrx_word' id='word_1_9' title='bbox 111 669 167 746; x_wconf 85' lang='lat' dir='ltr'>est,</span> <span class='ocrx_word' id='word_1_10' title='bbox 202 665 402 746; x_wconf 75' lang='lat' dir='ltr'>vacantibus3</span> <span class='ocrx_word' id='word_1_11' title='bbox 435 666 517 734; x_wconf 85' lang='lat' dir='ltr'>rita</span> <span class='ocrx_word' id='word_1_12' title='bbox 549 684 622 734; x_wconf 90' lang='lat' dir='ltr'>rero</span> <span class='ocrx_word' id='word_1_13' title='bbox 656 665 836 734; x_wconf 86' lang='lat' dir='ltr'>volucribus</span> <span class='ocrx_word' id='word_1_14' title='bbox 869 665 1121 734; x_wconf 88' lang='lat' dir='ltr'>intellectualiter</span> <span class='ocrx_word' id='word_1_15' title='bbox 1149 664 1183 730; x_wconf 90' lang='lat' dir='ltr'>in</span> <span class='ocrx_word' id='word_1_16' title='bbox 1212 663 1316 731; x_wconf 82' lang='lat' dir='ltr'>diuina</span> 
     </span>
     <span class='ocr_line' id='line_1_4' title="bbox 111 774 1315 864; baseline -0.002 -20"><span class='ocrx_word' id='word_1_17' title='bbox 111 777 231 846; x_wconf 73' lang='lat' dir='ltr'>theona</span> <span class='ocrx_word' id='word_1_18' title='bbox 253 782 285 844; x_wconf 91' lang='lat' dir='ltr'>et</span> <span class='ocrx_word' id='word_1_19' title='bbox 305 778 498 863; x_wconf 89' lang='lat' dir='ltr'>inspectione</span> <span class='ocrx_word' id='word_1_20' title='bbox 519 777 725 848; x_wconf 76' lang='lat' dir='ltr'><strong>versantibus.</strong></span> <span class='ocrx_word' id='word_1_21' title='bbox 747 778 851 864; x_wconf 82' lang='lat' dir='ltr'>Magis</span> <span class='ocrx_word' id='word_1_22' title='bbox 873 781 980 846; x_wconf 91' lang='lat' dir='ltr'>autem</span> <span class='ocrx_word' id='word_1_23' title='bbox 1002 777 1067 844; x_wconf 84' lang='lat' dir='ltr'>uita</span> <span class='ocrx_word' id='word_1_24' title='bbox 1088 775 1149 844; x_wconf 86' lang='lat' dir='ltr'>erit</span> <span class='ocrx_word' id='word_1_25' title='bbox 1171 774 1315 844; x_wconf 89' lang='lat' dir='ltr'>omnibus</span> 
     </span>
     <span class='ocr_line' id='line_1_5' title="bbox 112 885 1317 975; baseline -0.003 -19"><span class='ocrx_word' id='word_1_26' title='bbox 112 889 211 958; x_wconf 87' lang='lat' dir='ltr'>trihus</span> <span class='ocrx_word' id='word_1_27' title='bbox 232 888 395 957; x_wconf 82' lang='lat' dir='ltr'>ordinibus</span> <span class='ocrx_word' id='word_1_28' title='bbox 417 889 467 958; x_wconf 89' lang='lat' dir='ltr'>his</span> <span class='ocrx_word' id='word_1_29' title='bbox 500 909 573 958; x_wconf 88' lang='lat' dir='ltr'>cunr</span> <span class='ocrx_word' id='word_1_30' title='bbox 595 890 635 956; x_wconf 89' lang='lat' dir='ltr'>ad</span> <span class='ocrx_word' id='word_1_31' title='bbox 656 889 925 957; x_wconf 87' lang='lat' dir='ltr'>immortalitatem</span> <span class='ocrx_word' id='word_1_32' title='bbox 947 887 1088 974; x_wconf 89' lang='lat' dir='ltr'>perducti</span> <span class='ocrx_word' id='word_1_33' title='bbox 1112 885 1317 975; x_wconf 89' lang='lat' dir='ltr'>comprehcn-</span> 
     </span>
     <span class='ocr_line' id='line_1_6' title="bbox 112 997 1321 1087; baseline -0.003 -19"><span class='ocrx_word' id='word_1_34' title='bbox 112 1001 185 1068; x_wconf 89' lang='lat' dir='ltr'>dent</span> <span class='ocrx_word' id='word_1_35' title='bbox 206 1001 291 1067; x_wconf 78' lang='lat' dir='ltr'>sicud</span> <span class='ocrx_word' id='word_1_36' title='bbox 311 1001 497 1087; x_wconf 77' lang='lat' dir='ltr'>apprehensi</span> <span class='ocrx_word' id='word_1_37' title='bbox 518 1004 602 1082; x_wconf 85' lang='lat' dir='ltr'>sunt,</span> <span class='ocrx_word' id='word_1_38' title='bbox 618 1003 809 1086; x_wconf 87' lang='lat' dir='ltr'>cognoscent</span> <span class='ocrx_word' id='word_1_39' title='bbox 830 1001 913 1067; x_wconf 90' lang='lat' dir='ltr'>sicut</span> <span class='ocrx_word' id='word_1_40' title='bbox 935 1003 967 1067; x_wconf 88' lang='lat' dir='ltr'>et</span> <span class='ocrx_word' id='word_1_41' title='bbox 990 997 1109 1084; x_wconf 77' lang='lat' dir='ltr'>cogniti</span> <span class='ocrx_word' id='word_1_42' title='bbox 1131 1001 1206 1065; x_wconf 92' lang='lat' dir='ltr'>suut</span> <span class='ocrx_word' id='word_1_43' title='bbox 1220 1003 1321 1064; x_wconf 77' lang='lat' dir='ltr'>unus·&#39;</span> 
     </span>
     <span class='ocr_line' id='line_1_7' title="bbox 112 1109 1317 1200; baseline -0.005 -18"><span class='ocrx_word' id='word_1_44' title='bbox 112 1115 245 1200; x_wconf 87' lang='lat' dir='ltr'>quisque</span> <span class='ocrx_word' id='word_1_45' title='bbox 278 1115 513 1182; x_wconf 88' lang='lat' dir='ltr'>auteminsuo</span> <span class='ocrx_word' id='word_1_46' title='bbox 536 1113 652 1182; x_wconf 90' lang='lat' dir='ltr'>ordine.</span> <span class='ocrx_word' id='word_1_47' title='bbox 696 1112 891 1180; x_wconf 82' lang='lat' dir='ltr'>Aliaenim</span> <span class='ocrx_word' id='word_1_48' title='bbox 926 1110 1175 1180; x_wconf 89' lang='lat' dir='ltr'>estolaritas</span> <span class='ocrx_word' id='word_1_49' title='bbox 1198 1109 1317 1191; x_wconf 83' lang='lat' dir='ltr'>solis,</span> 
     </span>
     <span class='ocr_line' id='line_1_8' title="bbox 111 1222 1317 1308; baseline -0.002 -16"><span class='ocrx_word' id='word_1_50' title='bbox 111 1227 195 1294; x_wconf 92' lang='lat' dir='ltr'>alia</span> <span class='ocrx_word' id='word_1_51' title='bbox 215 1228 351 1308; x_wconf 85' lang='lat' dir='ltr'>lunae,</span> <span class='ocrx_word' id='word_1_52' title='bbox 384 1225 468 1292; x_wconf 90' lang='lat' dir='ltr'>alia</span> <span class='ocrx_word' id='word_1_53' title='bbox 488 1226 660 1294; x_wconf 74' lang='lat' dir='ltr'>claritas</span> <span class='ocrx_word' id='word_1_54' title='bbox 683 1223 906 1291; x_wconf 89' lang='lat' dir='ltr'>stellarum.</span> <span class='ocrx_word' id='word_1_55' title='bbox 950 1227 998 1292; x_wconf 82' lang='lat' dir='ltr'>Dt</span> <span class='ocrx_word' id='word_1_56' title='bbox 1019 1225 1129 1291; x_wconf 90' lang='lat' dir='ltr'>sicut</span> <span class='ocrx_word' id='word_1_57' title='bbox 1151 1222 1277 1290; x_wconf 90' lang='lat' dir='ltr'>stella</span> <span class='ocrx_word' id='word_1_58' title='bbox 1297 1241 1317 1289; x_wconf 94' lang='lat' dir='ltr'>a</span> 
     </span>
     <span class='ocr_line' id='line_1_9' title="bbox 114 1334 1318 1425; baseline -0.004 -19"><span class='ocrx_word' id='word_1_59' title='bbox 114 1340 244 1406; x_wconf 80' lang='lat' dir='ltr'>stella</span> <span class='ocrx_word' id='word_1_60' title='bbox 273 1337 422 1405; x_wconf 82' lang='lat' dir='ltr'>differt</span> <span class='ocrx_word' id='word_1_61' title='bbox 453 1336 531 1425; x_wconf 82' lang='lat' dir='ltr'>in²)</span> <span class='ocrx_word' id='word_1_62' title='bbox 563 1339 759 1406; x_wconf 89' lang='lat' dir='ltr'>claritate</span> <span class='ocrx_word' id='word_1_63' title='bbox 789 1337 845 1403; x_wconf 90' lang='lat' dir='ltr'>ita</span> <span class='ocrx_word' id='word_1_64' title='bbox 877 1339 916 1404; x_wconf 89' lang='lat' dir='ltr'>st</span> <span class='ocrx_word' id='word_1_65' title='bbox 947 1336 989 1402; x_wconf 90' lang='lat' dir='ltr'>in</span> <span class='ocrx_word' id='word_1_66' title='bbox 1020 1334 1318 1402; x_wconf 88' lang='lat' dir='ltr'>resurrectione</span> 
     </span>
    </p>
   </div>
   <div class='ocr_carea' id='block_1_3' title="bbox 113 1444 1318 1757">
    <p class='ocr_par' dir='ltr' id='par_1_3' title="bbox 113 1444 1318 1757">
     <span class='ocr_line' id='line_1_10' title="bbox 114 1444 1318 1537; baseline -0.006 -19"><span class='ocrx_word' id='word_1_67' title='bbox 114 1448 405 1537; x_wconf 57' lang='lat' dir='ltr'>mortuorumd)</span> <span class='ocrx_word' id='word_1_68' title='bbox 428 1449 501 1518; x_wconf 84' lang='lat' dir='ltr'>Non</span> <span class='ocrx_word' id='word_1_69' title='bbox 522 1451 625 1518; x_wconf 90' lang='lat' dir='ltr'>solum</span> <span class='ocrx_word' id='word_1_70' title='bbox 646 1451 752 1516; x_wconf 90' lang='lat' dir='ltr'>autem</span> <span class='ocrx_word' id='word_1_71' title='bbox 774 1448 840 1516; x_wconf 84' lang='lat' dir='ltr'>uita</span> <span class='ocrx_word' id='word_1_72' title='bbox 861 1447 916 1516; x_wconf 91' lang='lat' dir='ltr'>sed</span> <span class='ocrx_word' id='word_1_73' title='bbox 938 1450 970 1514; x_wconf 91' lang='lat' dir='ltr'>et</span> <span class='ocrx_word' id='word_1_74' title='bbox 989 1447 1105 1514; x_wconf 84' lang='lat' dir='ltr'>veritas</span> <span class='ocrx_word' id='word_1_75' title='bbox 1127 1449 1160 1512; x_wconf 92' lang='lat' dir='ltr'>et</span> <span class='ocrx_word' id='word_1_76' title='bbox 1180 1444 1232 1512; x_wconf 89' lang='lat' dir='ltr'>ria</span> <span class='ocrx_word' id='word_1_77' title='bbox 1253 1444 1318 1512; x_wconf 89' lang='lat' dir='ltr'>sin·</span> 
     </span>
     <span class='ocr_line' id='line_1_11' title="bbox 115 1555 1318 1647; baseline -0.004 -19"><span class='ocrx_word' id='word_1_78' title='bbox 115 1561 198 1647; x_wconf 90' lang='lat' dir='ltr'>gulis</span> <span class='ocrx_word' id='word_1_79' title='bbox 219 1559 323 1628; x_wconf 87' lang='lat' dir='ltr'>tribus</span> <span class='ocrx_word' id='word_1_80' title='bbox 346 1559 507 1628; x_wconf 81' lang='lat' dir='ltr'>ordinibus</span> <span class='ocrx_word' id='word_1_81' title='bbox 530 1563 579 1628; x_wconf 89' lang='lat' dir='ltr'>est</span> <span class='ocrx_word' id='word_1_82' title='bbox 592 1560 747 1627; x_wconf 87' lang='lat' dir='ltr'>Dominus</span> <span class='ocrx_word' id='word_1_83' title='bbox 769 1559 792 1626; x_wconf 87' lang='lat' dir='ltr'><strong>J</strong></span> <span class='ocrx_word' id='word_1_84' title='bbox 794 1576 876 1625; x_wconf 87' lang='lat' dir='ltr'>esus.</span> <span class='ocrx_word' id='word_1_85' title='bbox 897 1555 984 1624; x_wconf 83' lang='lat' dir='ltr'>Nam</span> <span class='ocrx_word' id='word_1_86' title='bbox 1005 1557 1138 1641; x_wconf 86' lang='lat' dir='ltr'>qualiter</span> <span class='ocrx_word' id='word_1_87' title='bbox 1158 1557 1199 1622; x_wconf 87' lang='lat' dir='ltr'>ad</span> <span class='ocrx_word' id='word_1_88' title='bbox 1221 1556 1318 1624; x_wconf 84' lang='lat' dir='ltr'>uitam</span> 
     </span>
     <span class='ocr_line' id='line_1_12' title="bbox 113 1667 1160 1757; baseline -0.007 -15"><span class='ocrx_word' id='word_1_89' title='bbox 113 1672 226 1742; x_wconf 82' lang='lat' dir='ltr'>lesum</span> <span class='ocrx_word' id='word_1_90' title='bbox 247 1671 309 1739; x_wconf 90' lang='lat' dir='ltr'>uisi</span> <span class='ocrx_word' id='word_1_91' title='bbox 329 1690 385 1757; x_wconf 88' lang='lat' dir='ltr'>per</span> <span class='ocrx_word' id='word_1_92' title='bbox 406 1670 490 1740; x_wconf 81' lang='lat' dir='ltr'>riam</span> <span class='ocrx_word' id='word_1_93' title='bbox 511 1674 543 1739; x_wconf 92' lang='lat' dir='ltr'>et</span> <span class='ocrx_word' id='word_1_94' title='bbox 565 1671 729 1738; x_wconf 85' lang='lat' dir='ltr'>ueritatem</span> <span class='ocrx_word' id='word_1_95' title='bbox 751 1669 863 1740; x_wconf 88' lang='lat' dir='ltr'>Jesum</span> <span class='ocrx_word' id='word_1_96' title='bbox 884 1667 1160 1755; x_wconf 75' lang='lat' dir='ltr'>pertingeremus?</span> 
     </span>
    </p>
   </div>
   <div class='ocr_carea' id='block_1_4' title="bbox 594 2057 846 2128">
    <p class='ocr_par' dir='ltr' id='par_1_4' title="bbox 594 2057 846 2128">
     <span class='ocr_line' id='line_1_13' title="bbox 594 2057 846 2128; baseline 0.004 -12"><span class='ocrx_word' id='word_1_97' title='bbox 594 2059 706 2128; x_wconf 81' lang='lat' dir='ltr'>cap.</span> <span class='ocrx_word' id='word_1_98' title='bbox 725 2057 846 2117; x_wconf 84' lang='lat' dir='ltr'>XXI.</span> 
     </span>
    </p>
   </div>
   <div class='ocr_carea' id='block_1_5' title="bbox 14 2176 1319 2365">
    <p class='ocr_par' dir='ltr' id='par_1_5' title="bbox 14 2176 1319 2365">
     <span class='ocr_line' id='line_1_14' title="bbox 115 2176 1319 2292; baseline 0.001 -41"><span class='ocrx_word' id='word_1_99' title='bbox 115 2181 161 2253; x_wconf 91' lang='lat' dir='ltr'>De</span> <span class='ocrx_word' id='word_1_100' title='bbox 182 2176 290 2252; x_wconf 84' lang='lat' dir='ltr'>tritus</span> <span class='ocrx_word' id='word_1_101' title='bbox 312 2179 481 2292; x_wconf 88' lang='lat' dir='ltr'>discipulis</span> <span class='ocrx_word' id='word_1_102' title='bbox 510 2181 547 2250; x_wconf 88' lang='lat' dir='ltr'>in</span> <span class='ocrx_word' id='word_1_103' title='bbox 575 2182 716 2250; x_wconf 91' lang='lat' dir='ltr'>montem</span> <span class='ocrx_word' id='word_1_104' title='bbox 741 2182 916 2273; x_wconf 86' lang='lat' dir='ltr'>assumptis</span> <span class='ocrx_word' id='word_1_105' title='bbox 938 2181 972 2251; x_wconf 90' lang='lat' dir='ltr'>et</span> <span class='ocrx_word' id='word_1_106' title='bbox 994 2179 1140 2252; x_wconf 83' lang='lat' dir='ltr'>triformi</span> <span class='ocrx_word' id='word_1_107' title='bbox 1162 2179 1319 2256; x_wconf 89' lang='lat' dir='ltr'>aeclesiae</span> 
     </span>
     <span class='ocr_line' id='line_1_15' title="bbox 14 2294 815 2365; baseline 0.001 -2"><span class='ocrx_word' id='word_1_108' title='bbox 14 2295 15 2324; x_wconf 28' lang='lat' dir='ltr'>i</span> <span class='ocrx_word' id='word_1_109' title='bbox 617 2294 815 2365; x_wconf 83' lang='lat' dir='ltr'>hierarchia</span> 
     </span>
    </p>
   </div>
   <div class='ocr_carea' id='block_1_6' title="bbox 116 2477 1322 2679">
    <p class='ocr_par' dir='ltr' id='par_1_6' title="bbox 116 2477 1322 2679">
     <span class='ocr_line' id='line_1_16' title="bbox 216 2477 1322 2570; baseline 0.005 -22"><span class='ocrx_word' id='word_1_110' title='bbox 216 2481 258 2548; x_wconf 80' lang='lat' dir='ltr'>nc</span> <span class='ocrx_word' id='word_1_111' title='bbox 278 2477 355 2546; x_wconf 87' lang='lat' dir='ltr'>haec</span> <span class='ocrx_word' id='word_1_112' title='bbox 377 2479 415 2546; x_wconf 90' lang='lat' dir='ltr'>de</span> <span class='ocrx_word' id='word_1_113' title='bbox 435 2480 519 2546; x_wconf 88' lang='lat' dir='ltr'>trina</span> <span class='ocrx_word' id='word_1_114' title='bbox 550 2481 604 2549; x_wconf 89' lang='lat' dir='ltr'>illa</span> <span class='ocrx_word' id='word_1_115' title='bbox 635 2481 828 2567; x_wconf 79' lang='lat' dir='ltr'>professione</span> <span class='ocrx_word' id='word_1_116' title='bbox 861 2482 945 2551; x_wconf 88' lang='lat' dir='ltr'>dicte</span> <span class='ocrx_word' id='word_1_117' title='bbox 978 2482 1042 2550; x_wconf 91' lang='lat' dir='ltr'>sint</span> <span class='ocrx_word' id='word_1_118' title='bbox 1075 2501 1136 2570; x_wconf 88' lang='lat' dir='ltr'>qua</span> <span class='ocrx_word' id='word_1_119' title='bbox 1168 2485 1322 2553; x_wconf 90' lang='lat' dir='ltr'>Dominus</span> 
     </span>
     <span class='ocr_line' id='line_1_17' title="bbox 116 2591 1322 2679; baseline 0.001 -18"><span class='ocrx_word' id='word_1_120' title='bbox 116 2591 210 2661; x_wconf 80' lang='lat' dir='ltr'>decus</span> <span class='ocrx_word' id='word_1_121' title='bbox 243 2591 281 2658; x_wconf 88' lang='lat' dir='ltr'>de</span> <span class='ocrx_word' id='word_1_122' title='bbox 303 2609 337 2657; x_wconf 90' lang='lat' dir='ltr'>se</span> <span class='ocrx_word' id='word_1_123' title='bbox 358 2591 428 2676; x_wconf 90' lang='lat' dir='ltr'>ipso</span> <span class='ocrx_word' id='word_1_124' title='bbox 458 2593 590 2678; x_wconf 89' lang='lat' dir='ltr'>loquens</span> <span class='ocrx_word' id='word_1_125' title='bbox 624 2593 768 2679; x_wconf 91' lang='lat' dir='ltr'>Philippo</span> <span class='ocrx_word' id='word_1_126' title='bbox 789 2592 883 2676; x_wconf 86' lang='lat' dir='ltr'>riam,</span> <span class='ocrx_word' id='word_1_127' title='bbox 916 2593 1082 2661; x_wconf 86' lang='lat' dir='ltr'>veritatem</span> <span class='ocrx_word' id='word_1_128' title='bbox 1104 2597 1135 2661; x_wconf 91' lang='lat' dir='ltr'>et</span> <span class='ocrx_word' id='word_1_129' title='bbox 1156 2595 1255 2661; x_wconf 85' lang='lat' dir='ltr'>vitam</span> <span class='ocrx_word' id='word_1_130' title='bbox 1288 2615 1322 2663; x_wconf 90' lang='lat' dir='ltr'>se</span> 
     </span>
    </p>
   </div>
   <div class='ocr_carea' id='block_1_7' title="bbox 14 2699 1321 2788">
    <p class='ocr_par' dir='ltr' id='par_1_7' title="bbox 14 2699 1321 2788">
     <span class='ocr_line' id='line_1_18' title="bbox 14 2699 1321 2788; baseline 0.001 -16"><span class='ocrx_word' id='word_1_131' title='bbox 14 2703 15 2772; x_wconf 63' lang='lat' dir='ltr'>l</span> <span class='ocrx_word' id='word_1_132' title='bbox 118 2721 186 2769; x_wconf 87' lang='lat' dir='ltr'>esse</span> <span class='ocrx_word' id='word_1_133' title='bbox 217 2701 377 2786; x_wconf 86' lang='lat' dir='ltr'>professus</span> <span class='ocrx_word' id='word_1_134' title='bbox 410 2705 474 2783; x_wconf 90' lang='lat' dir='ltr'>est,</span> <span class='ocrx_word' id='word_1_135' title='bbox 508 2722 588 2788; x_wconf 89' lang='lat' dir='ltr'>quae</span> <span class='ocrx_word' id='word_1_136' title='bbox 621 2704 704 2771; x_wconf 90' lang='lat' dir='ltr'>sicut</span> <span class='ocrx_word' id='word_1_137' title='bbox 735 2703 855 2771; x_wconf 90' lang='lat' dir='ltr'>dictum</span> <span class='ocrx_word' id='word_1_138' title='bbox 888 2708 937 2772; x_wconf 92' lang='lat' dir='ltr'>est</span> <span class='ocrx_word' id='word_1_139' title='bbox 968 2699 1121 2772; x_wconf 72' lang='lat' dir='ltr'>triformis</span> <span class='ocrx_word' id='word_1_140' title='bbox 1142 2704 1175 2771; x_wconf 92' lang='lat' dir='ltr'>iu</span> <span class='ocrx_word' id='word_1_141' title='bbox 1198 2704 1321 2773; x_wconf 77' lang='lat' dir='ltr'>Christo</span> 
     </span>
    </p>
   </div>
   <div class='ocr_carea' id='block_1_8' title="bbox 14 2797 1324 2900">
    <p class='ocr_par' dir='ltr' id='par_1_8' title="bbox 14 2797 1324 2900">
     <span class='ocr_line' id='line_1_19' title="bbox 14 2797 1324 2900; baseline -0.001 -17"><span class='ocrx_word' id='word_1_142' title='bbox 14 2797 15 2860; x_wconf 64' lang='grc' dir='ltr'>Ῑ</span> <span class='ocrx_word' id='word_1_143' title='bbox 117 2812 219 2899; x_wconf 87' lang='lat' dir='ltr'>gratia</span> <span class='ocrx_word' id='word_1_144' title='bbox 250 2801 352 2880; x_wconf 84' lang='lat' dir='ltr'>trihus</span> <span class='ocrx_word' id='word_1_145' title='bbox 374 2812 507 2880; x_wconf 81' lang='lat' dir='ltr'>fortibus</span> <span class='ocrx_word' id='word_1_146' title='bbox 528 2813 630 2882; x_wconf 85' lang='lat' dir='ltr'>David</span> <span class='ocrx_word' id='word_1_147' title='bbox 661 2814 824 2900; x_wconf 87' lang='lat' dir='ltr'>tribusque</span> <span class='ocrx_word' id='word_1_148' title='bbox 855 2813 979 2882; x_wconf 87' lang='lat' dir='ltr'>filiabus</span> <span class='ocrx_word' id='word_1_149' title='bbox 1001 2815 1066 2885; x_wconf 85' lang='lat' dir='ltr'>Job</span> <span class='ocrx_word' id='word_1_150' title='bbox 1097 2815 1270 2883; x_wconf 85' lang='lat' dir='ltr'>assimilata</span> <span class='ocrx_word' id='word_1_151' title='bbox 1291 2818 1324 2882; x_wconf 92' lang='lat' dir='ltr'>et</span> 
     </span>
    </p>
   </div>
   <div class='ocr_carea' id='block_1_9' title="bbox 14 2923 1324 3126">
    <p class='ocr_par' dir='ltr' id='par_1_9' title="bbox 14 2923 1324 3126">
     <span class='ocr_line' id='line_1_20' title="bbox 14 2923 1322 3013; baseline 0.002 -22"><span class='ocrx_word' id='word_1_152' title='bbox 14 2961 15 3000; x_wconf 73' lang='grc'><strong>;</strong></span> <span class='ocrx_word' id='word_1_153' title='bbox 117 2924 267 2992; x_wconf 86' lang='lat' dir='ltr'>uirtutem</span> <span class='ocrx_word' id='word_1_154' title='bbox 299 2923 418 2992; x_wconf 90' lang='lat' dir='ltr'>inimici</span> <span class='ocrx_word' id='word_1_155' title='bbox 451 2925 594 2996; x_wconf 87' lang='lat' dir='ltr'>dissoluit</span> <span class='ocrx_word' id='word_1_156' title='bbox 616 2929 647 2994; x_wconf 87' lang='lat' dir='ltr'>et</span> <span class='ocrx_word' id='word_1_157' title='bbox 668 2929 732 2994; x_wconf 90' lang='lat' dir='ltr'>tres</span> <span class='ocrx_word' id='word_1_158' title='bbox 765 2927 798 2994; x_wconf 90' lang='lat' dir='ltr'>iu</span> <span class='ocrx_word' id='word_1_159' title='bbox 831 2927 963 2996; x_wconf 90' lang='lat' dir='ltr'>ecclesia</span> <span class='ocrx_word' id='word_1_160' title='bbox 996 2927 1116 2998; x_wconf 74' lang='lat' dir='ltr'>Christi</span> <span class='ocrx_word' id='word_1_161' title='bbox 1151 2927 1322 3013; x_wconf 77' lang='lat' dir='ltr'>generales</span> 
     </span>
     <span class='ocr_line' id='line_1_21' title="bbox 14 3031 1324 3126; baseline 0.005 -25"><span class='ocrx_word' id='word_1_162' title='bbox 14 3031 15 3048; x_wconf 62' lang='lat'>¹</span> <span class='ocrx_word' id='word_1_163' title='bbox 118 3051 207 3102; x_wconf 88' lang='lat' dir='ltr'>roras</span> <span class='ocrx_word' id='word_1_164' title='bbox 229 3038 262 3102; x_wconf 89' lang='lat' dir='ltr'>et</span> <span class='ocrx_word' id='word_1_165' title='bbox 282 3036 435 3103; x_wconf 77' lang='lat' dir='ltr'>salutmes</span> <span class='ocrx_word' id='word_1_166' title='bbox 458 3036 681 3123; x_wconf 78' lang='lat' dir='ltr'>disciplinari.</span> <span class='ocrx_word' id='word_1_167' title='bbox 704 3058 729 3105; x_wconf 92' lang='lat' dir='ltr'>e.</span> <span class='ocrx_word' id='word_1_168' title='bbox 754 3038 905 3125; x_wconf 77' lang='lat' dir='ltr'>ethicam,</span> <span class='ocrx_word' id='word_1_169' title='bbox 928 3037 1089 3126; x_wconf 83' lang='lat' dir='ltr'>physicam</span> <span class='ocrx_word' id='word_1_170' title='bbox 1112 3041 1144 3106; x_wconf 92' lang='lat' dir='ltr'>et</span> <span class='ocrx_word' id='word_1_171' title='bbox 1165 3036 1324 3107; x_wconf 79' lang='lat' dir='ltr'>theoricen</span> 
     </span>
    </p>
   </div>
   <div class='ocr_carea' id='block_1_10' title="bbox 118 3145 1325 4343">
    <p class='ocr_par' dir='ltr' id='par_1_10' title="bbox 118 3145 1325 4343">
     <span class='ocr_line' id='line_1_22' title="bbox 118 3145 1325 3232; baseline 0.003 -21"><span class='ocrx_word' id='word_1_172' title='bbox 118 3145 246 3232; x_wconf 89' lang='lat' dir='ltr'>peperit,</span> <span class='ocrx_word' id='word_1_173' title='bbox 280 3146 392 3232; x_wconf 84' lang='lat' dir='ltr'>quibus</span> <span class='ocrx_word' id='word_1_174' title='bbox 415 3150 480 3215; x_wconf 89' lang='lat' dir='ltr'>tres</span> <span class='ocrx_word' id='word_1_175' title='bbox 501 3148 534 3214; x_wconf 93' lang='lat' dir='ltr'>iu</span> <span class='ocrx_word' id='word_1_176' title='bbox 556 3149 687 3216; x_wconf 86' lang='lat' dir='ltr'>ecclesia</span> <span class='ocrx_word' id='word_1_177' title='bbox 720 3150 941 3218; x_wconf 85' lang='lat' dir='ltr'>salvandorum</span> <span class='ocrx_word' id='word_1_178' title='bbox 972 3153 1094 3220; x_wconf 83' lang='lat' dir='ltr'>ordines</span> <span class='ocrx_word' id='word_1_179' title='bbox 1116 3149 1325 3217; x_wconf 84' lang='lat' dir='ltr'>informantur</span> 
     </span>
     <span class='ocr_line' id='line_1_23' title="bbox 119 3245 1323 3349; baseline 0.002 -26"><span class='ocrx_word' id='word_1_180' title='bbox 119 3275 172 3341; x_wconf 90' lang='lat' dir='ltr'>per</span> <span class='ocrx_word' id='word_1_181' title='bbox 192 3259 258 3324; x_wconf 89' lang='lat' dir='ltr'>tres</span> <span class='ocrx_word' id='word_1_182' title='bbox 279 3256 352 3323; x_wconf 90' lang='lat' dir='ltr'>illos</span> <span class='ocrx_word' id='word_1_183' title='bbox 373 3257 457 3325; x_wconf 84' lang='lat' dir='ltr'>uiros</span> <span class='ocrx_word' id='word_1_184' title='bbox 479 3258 566 3341; x_wconf 73' lang='lat' dir='ltr'>Noe,</span> <span class='ocrx_word' id='word_1_185' title='bbox 593 3245 713 3327; x_wconf 88' lang='lat' dir='ltr'>Daniel</span> <span class='ocrx_word' id='word_1_186' title='bbox 736 3264 769 3328; x_wconf 92' lang='lat' dir='ltr'>et</span> <span class='ocrx_word' id='word_1_187' title='bbox 789 3260 811 3330; x_wconf 84' lang='lat' dir='ltr'><strong>J</strong></span> <span class='ocrx_word' id='word_1_188' title='bbox 813 3259 853 3328; x_wconf 89' lang='lat' dir='ltr'>ob</span> <span class='ocrx_word' id='word_1_189' title='bbox 874 3262 1067 3349; x_wconf 83' lang='lat' dir='ltr'>praesignati</span> <span class='ocrx_word' id='word_1_190' title='bbox 1087 3265 1108 3330; x_wconf 88' lang='lat' dir='ltr'>i.</span> <span class='ocrx_word' id='word_1_191' title='bbox 1132 3263 1323 3342; x_wconf 80' lang='lat' dir='ltr'>erectores,</span> 
     </span>
     <span class='ocr_line' id='line_1_24' title="bbox 120 3369 1323 3458; baseline 0.005 -23"><span class='ocrx_word' id='word_1_192' title='bbox 120 3369 312 3436; x_wconf 88' lang='lat' dir='ltr'>continentes</span> <span class='ocrx_word' id='word_1_193' title='bbox 335 3371 367 3436; x_wconf 91' lang='lat' dir='ltr'>et</span> <span class='ocrx_word' id='word_1_194' title='bbox 388 3369 558 3456; x_wconf 88' lang='lat' dir='ltr'>conjugati.</span> <span class='ocrx_word' id='word_1_195' title='bbox 581 3371 716 3458; x_wconf 90' lang='lat' dir='ltr'>Propter</span> <span class='ocrx_word' id='word_1_196' title='bbox 736 3371 796 3440; x_wconf 94' lang='lat' dir='ltr'>hoc</span> <span class='ocrx_word' id='word_1_197' title='bbox 818 3373 902 3440; x_wconf 90' lang='lat' dir='ltr'>enim</span> <span class='ocrx_word' id='word_1_198' title='bbox 919 3377 951 3440; x_wconf 91' lang='lat' dir='ltr'>et</span> <span class='ocrx_word' id='word_1_199' title='bbox 966 3374 1119 3441; x_wconf 88' lang='lat' dir='ltr'>Dominus</span> <span class='ocrx_word' id='word_1_200' title='bbox 1140 3374 1237 3444; x_wconf 87' lang='lat' dir='ltr'>Jesus</span> <span class='ocrx_word' id='word_1_201' title='bbox 1259 3379 1323 3442; x_wconf 91' lang='lat' dir='ltr'>tres</span> 
     </span>
     <span class='ocr_line' id='line_1_25' title="bbox 120 3479 1324 3571; baseline 0.007 -26"><span class='ocrx_word' id='word_1_202' title='bbox 120 3479 202 3546; x_wconf 89' lang='lat' dir='ltr'>solos</span> <span class='ocrx_word' id='word_1_203' title='bbox 231 3479 265 3545; x_wconf 92' lang='lat' dir='ltr'>in</span> <span class='ocrx_word' id='word_1_204' title='bbox 286 3481 426 3548; x_wconf 89' lang='lat' dir='ltr'>montem</span> <span class='ocrx_word' id='word_1_205' title='bbox 458 3481 626 3567; x_wconf 88' lang='lat' dir='ltr'>discipulos</span> <span class='ocrx_word' id='word_1_206' title='bbox 658 3483 747 3550; x_wconf 86' lang='lat' dir='ltr'>duxit</span> <span class='ocrx_word' id='word_1_207' title='bbox 778 3485 912 3569; x_wconf 90' lang='lat' dir='ltr'>gloriam</span> <span class='ocrx_word' id='word_1_208' title='bbox 941 3502 1031 3553; x_wconf 89' lang='lat' dir='ltr'>suam</span> <span class='ocrx_word' id='word_1_209' title='bbox 1060 3487 1324 3571; x_wconf 88' lang='lat' dir='ltr'>contamplaturos</span> 
     </span>
     <span class='ocr_line' id='line_1_26' title="bbox 121 3589 1324 3678; baseline 0.008 -23"><span class='ocrx_word' id='word_1_210' title='bbox 121 3589 263 3657; x_wconf 86' lang='lat' dir='ltr'>uidelicet</span> <span class='ocrx_word' id='word_1_211' title='bbox 284 3589 424 3672; x_wconf 86' lang='lat' dir='ltr'>Petrum,</span> <span class='ocrx_word' id='word_1_212' title='bbox 457 3590 612 3658; x_wconf 74' lang='lat' dir='ltr'>iacobum</span> <span class='ocrx_word' id='word_1_213' title='bbox 635 3593 874 3678; x_wconf 77' lang='lat' dir='ltr'>conclamem,</span> <span class='ocrx_word' id='word_1_214' title='bbox 907 3599 944 3662; x_wconf 92' lang='lat' dir='ltr'>ut</span> <span class='ocrx_word' id='word_1_215' title='bbox 974 3595 1008 3661; x_wconf 92' lang='lat' dir='ltr'>in</span> <span class='ocrx_word' id='word_1_216' title='bbox 1040 3594 1141 3663; x_wconf 91' lang='lat' dir='ltr'>tribus</span> <span class='ocrx_word' id='word_1_217' title='bbox 1174 3597 1237 3664; x_wconf 91' lang='lat' dir='ltr'>illis</span> <span class='ocrx_word' id='word_1_218' title='bbox 1258 3601 1324 3666; x_wconf 90' lang='lat' dir='ltr'>tres</span> 
     </span>
     <span class='ocr_line' id='line_1_27' title="bbox 121 3701 1321 3792; baseline 0.011 -27"><span class='ocrx_word' id='word_1_219' title='bbox 121 3701 340 3766; x_wconf 81' lang='lat' dir='ltr'>salvandorum</span> <span class='ocrx_word' id='word_1_220' title='bbox 362 3701 486 3767; x_wconf 88' lang='lat' dir='ltr'>ordines</span> <span class='ocrx_word' id='word_1_221' title='bbox 502 3702 748 3788; x_wconf 86' lang='lat' dir='ltr'>intelligeremus</span> <span class='ocrx_word' id='word_1_222' title='bbox 772 3709 857 3773; x_wconf 85' lang='lat' dir='ltr'>extra</span> <span class='ocrx_word' id='word_1_223' title='bbox 880 3726 957 3792; x_wconf 88' lang='lat' dir='ltr'>quos</span> <span class='ocrx_word' id='word_1_224' title='bbox 980 3707 1075 3773; x_wconf 90' lang='lat' dir='ltr'>etiam</span> <span class='ocrx_word' id='word_1_225' title='bbox 1096 3709 1213 3774; x_wconf 91' lang='lat' dir='ltr'>nemini</span> <span class='ocrx_word' id='word_1_226' title='bbox 1236 3709 1321 3778; x_wconf 90' lang='lat' dir='ltr'>salus</span> 
     </span>
     <span class='ocr_line' id='line_1_28' title="bbox 121 3811 1324 3903; baseline 0.01 -27"><span class='ocrx_word' id='word_1_227' title='bbox 121 3811 331 3894; x_wconf 90' lang='lat' dir='ltr'>promittenda</span> <span class='ocrx_word' id='word_1_228' title='bbox 354 3814 411 3880; x_wconf 91' lang='lat' dir='ltr'>est.</span> <span class='ocrx_word' id='word_1_229' title='bbox 434 3813 472 3878; x_wconf 94' lang='lat' dir='ltr'>In</span> <span class='ocrx_word' id='word_1_230' title='bbox 487 3811 581 3880; x_wconf 90' lang='lat' dir='ltr'>Petro</span> <span class='ocrx_word' id='word_1_231' title='bbox 604 3829 738 3900; x_wconf 87' lang='lat' dir='ltr'>namque</span> <span class='ocrx_word' id='word_1_232' title='bbox 751 3818 892 3900; x_wconf 80' lang='lat' dir='ltr'>praelati,</span> <span class='ocrx_word' id='word_1_233' title='bbox 915 3818 948 3884; x_wconf 94' lang='lat' dir='ltr'>iu</span> <span class='ocrx_word' id='word_1_234' title='bbox 962 3816 1105 3886; x_wconf 74' lang='lat' dir='ltr'>iohanne</span> <span class='ocrx_word' id='word_1_235' title='bbox 1120 3819 1324 3903; x_wconf 88' lang='lat' dir='ltr'>continentes,</span> 
     </span>
     <span class='ocr_line' id='line_1_29' title="bbox 122 3919 1325 4014; baseline 0.01 -26"><span class='ocrx_word' id='word_1_236' title='bbox 122 3919 295 3992; x_wconf 82' lang='lat' dir='ltr'>indacobo</span> <span class='ocrx_word' id='word_1_237' title='bbox 318 3923 480 4008; x_wconf 78' lang='lat' dir='ltr'>conjugati</span> <span class='ocrx_word' id='word_1_238' title='bbox 501 3941 564 3991; x_wconf 91' lang='lat' dir='ltr'>non</span> <span class='ocrx_word' id='word_1_239' title='bbox 585 3925 755 4012; x_wconf 84' lang='lat' dir='ltr'>incongrue</span> <span class='ocrx_word' id='word_1_240' title='bbox 776 3928 1003 4014; x_wconf 89' lang='lat' dir='ltr'>intelliguntur.</span> <span class='ocrx_word' id='word_1_241' title='bbox 1047 3927 1133 3996; x_wconf 90' lang='lat' dir='ltr'>Nam</span> <span class='ocrx_word' id='word_1_242' title='bbox 1155 3930 1269 4004; x_wconf 88' lang='lat' dir='ltr'>Petrus</span> <span class='ocrx_word' id='word_1_243' title='bbox 1292 3932 1325 4000; x_wconf 90' lang='lat' dir='ltr'>in</span> 
     </span>
     <span class='ocr_line' id='line_1_30' title="bbox 122 4033 1324 4128; baseline 0.008 -28"><span class='ocrx_word' id='word_1_244' title='bbox 122 4033 271 4102; x_wconf 74' lang='lat' dir='ltr'>charitate</span> <span class='ocrx_word' id='word_1_245' title='bbox 292 4033 386 4101; x_wconf 90' lang='lat' dir='ltr'>simul</span> <span class='ocrx_word' id='word_1_246' title='bbox 407 4035 585 4104; x_wconf 87' lang='lat' dir='ltr'>humilitate</span> <span class='ocrx_word' id='word_1_247' title='bbox 613 4042 850 4107; x_wconf 88' lang='lat' dir='ltr'>consummatus</span> <span class='ocrx_word' id='word_1_248' title='bbox 873 4041 973 4106; x_wconf 88' lang='lat' dir='ltr'>uicem</span> <span class='ocrx_word' id='word_1_249' title='bbox 990 4039 1107 4110; x_wconf 77' lang='lat' dir='ltr'>Christi</span> <span class='ocrx_word' id='word_1_250' title='bbox 1120 4041 1324 4128; x_wconf 89' lang='lat' dir='ltr'>magistratus</span> 
     </span>
     <span class='ocr_line' id='line_1_31' title="bbox 123 4145 1325 4239; baseline 0.007 -27"><span class='ocrx_word' id='word_1_251' title='bbox 123 4161 212 4232; x_wconf 88' lang='lat' dir='ltr'>agere</span> <span class='ocrx_word' id='word_1_252' title='bbox 233 4147 267 4212; x_wconf 92' lang='lat' dir='ltr'>in</span> <span class='ocrx_word' id='word_1_253' title='bbox 292 4145 421 4214; x_wconf 85' lang='lat' dir='ltr'>eeclesia</span> <span class='ocrx_word' id='word_1_254' title='bbox 444 4145 561 4216; x_wconf 74' lang='lat' dir='ltr'>Christi</span> <span class='ocrx_word' id='word_1_255' title='bbox 582 4149 762 4234; x_wconf 89' lang='lat' dir='ltr'>promeruit</span> <span class='ocrx_word' id='word_1_256' title='bbox 806 4149 967 4218; x_wconf 84' lang='lat' dir='ltr'>Johnunee</span> <span class='ocrx_word' id='word_1_257' title='bbox 989 4154 1022 4219; x_wconf 87' lang='lat' dir='ltr'>et</span> <span class='ocrx_word' id='word_1_258' title='bbox 1043 4152 1131 4239; x_wconf 86' lang='lat' dir='ltr'>uirgo</span> <span class='ocrx_word' id='word_1_259' title='bbox 1154 4153 1325 4220; x_wconf 88' lang='lat' dir='ltr'>secundum</span> 
     </span>
     <span class='ocr_line' id='line_1_32' title="bbox 124 4257 1325 4343; baseline 0.009 -21"><span class='ocrx_word' id='word_1_260' title='bbox 124 4273 235 4342; x_wconf 90' lang='lat' dir='ltr'>corpus</span> <span class='ocrx_word' id='word_1_261' title='bbox 258 4259 291 4322; x_wconf 93' lang='lat' dir='ltr'>et</span> <span class='ocrx_word' id='word_1_262' title='bbox 312 4257 482 4343; x_wconf 90' lang='lat' dir='ltr'>sapientiae</span> <span class='ocrx_word' id='word_1_263' title='bbox 514 4260 685 4328; x_wconf 83' lang='lat' dir='ltr'>secundum</span> <span class='ocrx_word' id='word_1_264' title='bbox 717 4261 856 4330; x_wconf 88' lang='lat' dir='ltr'>animum</span> <span class='ocrx_word' id='word_1_265' title='bbox 889 4261 1179 4332; x_wconf 80' lang='lat' dir='ltr'>vehementissimus</span> <span class='ocrx_word' id='word_1_266' title='bbox 1203 4267 1325 4334; x_wconf 87' lang='lat' dir='ltr'>amator</span> 
     </span>
    </p>
   </div>
   <div class='ocr_carea' id='block_1_11' title="bbox 226 4470 713 4543">
    <p class='ocr_par' dir='ltr' id='par_1_11' title="bbox 226 4470 713 4543">
     <span class='ocr_line' id='line_1_33' title="bbox 226 4470 713 4543; baseline 0.012 -19"><span class='ocrx_word' id='word_1_267' title='bbox 226 4470 246 4541; x_wconf 89' lang='lat'>¹)</span> <span class='ocrx_word' id='word_1_268' title='bbox 264 4473 321 4530; x_wconf 86' lang='lat' dir='ltr'>cod.</span> <span class='ocrx_word' id='word_1_269' title='bbox 342 4489 365 4530; x_wconf 86' lang='lat' dir='ltr'>a.</span> <span class='ocrx_word' id='word_1_270' title='bbox 388 4501 420 4514; x_wconf 94' lang='lat'>-</span> <span class='ocrx_word' id='word_1_271' title='bbox 443 4471 464 4543; x_wconf 75' lang='lat'>²)</span> <span class='ocrx_word' id='word_1_272' title='bbox 481 4471 504 4530; x_wconf 91' lang='lat'>1.</span> <span class='ocrx_word' id='word_1_273' title='bbox 524 4472 582 4532; x_wconf 85' lang='lat' dir='ltr'>Gor.</span> <span class='ocrx_word' id='word_1_274' title='bbox 603 4474 645 4530; x_wconf 82' lang='lat'>15.</span> <span class='ocrx_word' id='word_1_275' title='bbox 668 4474 713 4530; x_wconf 87' lang='lat'>41.</span> 
     </span>
    </p>
   </div>
   <div class='ocr_carea' id='block_1_12' title="bbox 0 0 1603 5190">
    <p class='ocr_par' dir='ltr' id='par_1_12' title="bbox 0 0 1603 5190">
     <span class='ocr_line' id='line_1_34' title="bbox 0 0 1603 5190; baseline 0 0"><span class='ocrx_word' id='word_1_276' title='bbox 0 0 1603 5190; x_wconf 95' lang='lat' dir='ltr'> </span> 
     </span>
    </p>
   </div>
  </div>
 </body>
</html>
