3168 5190
1250 364 1318 432 235

12 593 14 626 ,
116 537 291 624 intelligere
306 536 340 604 in
356 537 450 605 Patro
472 531 628 612 summam
650 531 823 620 bonitatem
847 539 879 604 et
900 535 998 603 vitam
1012 529 1323 622 principalemsum·

12 639 14 672 ⁵
116 667 264 735 mamque
285 645 370 725 'cnm
392 665 515 715 summa
536 648 712 717 humilitate
746 649 945 734 maJsstatcm
982 649 1085 715 omnia
1107 651 1266 715 creantem
1289 651 1322 714 et

12 757 13 768 ’
117 761 289 845 regentem,
322 759 374 844 qui
393 759 475 827 siout
497 760 636 827 omnium
658 761 781 826 causale
812 761 858 826 ita
880 764 911 827 et
932 759 989 826 filii
1021 759 1081 826 sibi
1117 759 1271 827 coaeterni
1291 762 1323 827 et

12 959 13 974 χ
117 870 397 939 consubstantialis
419 873 560 939 naturale
581 871 767 956 principium
789 874 846 938 est.
882 872 940 940 list
959 871 1133 956 intelligere
1152 873 1188 938 in
1208 870 1322 938 Verbo

12 975 13 1068 J
117 983 170 1066 qui
192 985 225 1050 ot
247 982 357 1062 Filius,
380 999 536 1049 summam
558 985 596 1050 de
618 1000 742 1048 summa
764 983 916 1068 sapientia
938 981 1131 1067 sapientiam,
1155 984 1262 1048 lumen
1284 982 1323 1047 do

12 1119 14 1150 r
117 1094 245 1175 lumine,
278 1091 397 1159 iontem
433 1093 644 1180 principaliter
657 1093 869 1179 ‘principalem
890 1094 929 1159 de
949 1109 1012 1159 una
1033 1093 1195 1178 principali
1218 1093 1322 1159 omnia

12 1249 14 1286 ,
115 1204 338 1290 illustrantem,
361 1207 465 1272 omnia
486 1204 681 1272 ordinantem
704 1223 793 1270 suam
816 1205 927 1289 cuique
948 1204 993 1270 rei
1014 1203 1152 1270 formam
1175 1203 1323 1270 substan·

12 1297 14 1436 ἐ
115 1317 221 1384 tialem
258 1335 331 1384 cum
353 1317 448 1384 Patre
480 1321 512 1383 et
533 1336 569 1384 or
591 1316 685 1384 Patre
706 1315 747 1382 ari
768 1315 872 1382 Petris
901 1319 934 1382 ct
953 1335 1046 1383 suum
1068 1317 1151 1383 rolle‘
1171 1315 1322 1382 distribu-

117 1431 229 1509 entem,
254 1428 292 1493 do
314 1445 375 1512 quo
393 1427 557 1513 psalmista
571 1427 738 1495 confltetur
751 1428 875 1493 dicens:
896 1427 1058 1493 Domine
1079 1428 1180 1512 apud
1203 1428 1241 1494 tc
1262 1428 1324 1492 est

116 1536 204 1604 fons
239 1539 348 1605 ritae
365 1542 404 1606 ot
425 1539 464 1604 in
486 1539 633 1607 lumine
666 1543 731 1606 tuo
753 1536 1185 1624 ri'debimuslumon.¹)
1216 1537 1322 1608 Itemc
1433 1531 1436 1535 ’

117 1647 258 1717 Omnia
278 1651 317 1716 in
339 1650 537 1736 sapientia
559 1651 712 1722 iecisti.
725 1653 751 1739 c)
774 1653 831 1719 llst
845 1651 1065 1736 intelligerem
1082 1651 1200 1736 Spiritu
1215 1653 1322 1718 sancto

116 1777 275 1828 summam
296 1766 328 1828 ot
348 1763 645 1830 consubstantialem
666 1763 771 1830 Patris
792 1763 925 1849 Filiique
947 1763 985 1828 ad
1008 1757 1041 1828 s'e
1062 1762 1195 1830 invicem
1218 1762 1320 1829 chari·

117 1877 216 1941 tatem
239 1874 342 1940 omnia
364 1875 581 1942 continentem-
596 1880 628 1942 et
650 1879 885 1943 conservantem
906 1871 1030 1943 omnem
1045 1878 1219 1942 creaturam
1237 1864 1320 1942 acci·

122 1985 298 2052 dentalibus
332 1985 513 2053 differentiis
545 1990 775 2072 peremantem
809 1986 933 2072 singula
962 1985 1027 2055 suis
1040 1986 1159 2056 ,usibus
1181 1987 1221 2051 ad
1243 2003 1321 2069 quos

119 2097 203 2164 facta
238 2091 310 2164 sunt
346 2100 601 2166 accomodantsm
637 2101 746 2185 suique
782 2099 1030 2168 substantialiter
1061 2117 1098 2168 ac
1133 2098 1321 2166 sensibiliter

118 2209 389 2296 participationem
408 2214 440 2276 et
455 2229 554 2278 usum
575 2213 721 2278 rationali
743 2216 902 2280 creaturae
923 2211 1154 2292 concedentem,
1176 2211 1319 2295 quamvis

125 2319 324 2406 participatio
344 2320 410 2406 ojus
434 2325 465 2388 et
486 2341 562 2388 usus
585 2323 684 2392 cidem
706 2324 850 2390 rationali
874 2326 1033 2391 creaturae
1054 2322 1252 2390 accidentalis
1272 2321 1315 2388 sit

123 2432 205 2499 sicut
227 2431 387 2499 comodere
419 2435 468 2500 val
498 2431 603 2501 bibere
626 2435 710 2501 omni
731 2436 922 2502 accidentale
944 2440 1001 2516 est,
1036 2453 1108 2502 curn
1129 2436 1234 2500 tamen
1255 2434 1324 2519 ipso

105 2543 334 2627 -quisumitur
356 2543 443 2610 cibus
466 2546 499 2610 et
520 2548 615 2630 potus
638 2541 888 2614 substantia‘sit.
926 2547 1158 2632 Perpaucorum
1182 2563 1256 2612 sane
1277 2537 1326 2611 est

121 2653 189 2738 ejus
210 2653 479 2738 participationem
502 2657 550 2721 vel
572 2674 665 2722 usum
686 2656 895 2741 inpraesenti
924 2658 1086 2723 domarat
1107 2656 1172 2723 vita
1194 2653 1326 2722 sensibi-

119 2759 191 2832 liter
205 2767 255 2832 vel
269 2767 307 2831 ad
323 2765 479 2831 modicum
501 2767 668 2851 possidere.
693 2765 739 2833 De
761 2785 823 2851 quo
845 2767 996 2851 apostolis
1014 2767 1181 2834 Dominust
1209 2781 1326 2850 quom

121 2877 308 2957 mundus,
342 2879 452 2962 inquit,
487 2875 939 2963 non'potestaccipore‚
973 2897 1040 2948 vos
1074 2881 1208 2944 autem
1230 2896 1328 2962 cog-

122 2989 305 3056 noscetis
329 3009 418 3071 eum,
442 2991 534 3076 quia
556 2991 656 3076 apud
677 3009 748 3058 ros
768 2989 948 3057 manabit
964 2992 1055 3057 etin
1073 2988 1194 3055 vobis
1210 2987 1329 3071 erit.³)

122 3101 165 3167 Hi
186 3121 260 3187 ergo
284 3104 347 3168 tres
370 3101 473 3181 Pater,
508 3100 646 3167 Verbum
669 3105 700 3167 et
722 3101 856 3186 Spiritus
893 3101 1056 3168 amborum
1090 3101 1171 3167 siout
1186 3100 1328 3165 omnium

123 3231 227 3278 rerum
259 3213 305 3278 ita
327 3216 360 3278 et
380 3212 569 3278 hierarchiae
599 3211 740 3278 coelestis
762 3212 950 3299 principium
972 3215 1055 3295 suut,
1077 3231 1134 3278 noc
1156 3210 1217 3277 tria
1238 3210 1326 3296 prin-

125 3323 205 3409 cipia
227 3324 282 3391 sed
305 3344 401 3392 unum
415 3324 601 3408 principium
617 3323 752 3390 Trinitas
768 3325 853 3388 Dens
876 3342 912 3388 ex
934 3341 994 3407 quo
1018 3323 1132 3403 omnia,
1153 3341 1211 3406 per
1233 3339 1336 3405 quem:

131 3435 242 3519 omnia,
266 3436 380 3519 inquo
404 3435 517 3502 omnia.

463 3589 465 3596 ⁴
578 3619 688 3688 cap.
707 3618 874 3675 xxm.

125 3745 163 3814 In
184 3744 313 3816 fabrica
333 3744 474 3814 visibilis
497 3746 534 3822 ot¹
552 3743 728 3812 invisibilis
758 3745 930 3812 creaturae
960 3742 1037 3832 quiri
1067 3744 1199 3832 proprie
1220 3742 1325 3828 Patri,

126 3857 200 3944 quit
228 3858 362 3946 proprie
393 3857 487 3942 llilio,
517 3855 595 3945 quii
623 3855 722 3924 otiam
752 3855 891 3944 Spiritui
921 3855 1033 3936 sancto
1064 3856 1197 3944 proprio
1226 3855 1334 3942 assigg

618 3965 761 4035 nautum
783 3967 836 4034 sit.

225 4156 267 4222 Et
290 4158 431 4242 quamvis
453 4157 546 4243 hujus
570 4155 737 4237 creatricis,
753 4154 951 4234 formatricis,
969 4153 1205 4221 conservatricis
1229 4153 1331 4220 Trini-

128 4268 201 4334 tatis
224 4285 317 4352 opsra
338 4267 470 4336 indivisa
492 4269 565 4351 sint,
587 4267 680 4335 liceat
701 4270 806 4334 tamen
821 4261 915 4333 vPatri
933 4266 1094 4352 assignare
1116 4285 1219 4333 rerum
1241 4284 1331 4350 gena·

230 4457 249 4524 ι)
269 4456 312 4512 rs.
332 4455 376 4514 cc.
398 4457 440 4514 ro.
461 4485 495 4496 -
517 4457 536 4524 2)
558 4455 600 4512 rs,
622 4455 682 4512 1oa.
703 4454 748 4511 ar.
774 4483 800 4494 -
825 4451 847 4523 ³)
867 4454 938 4509 raon.
962 4453 1006 4512 14.
1027 4454 1071 4512 la.
