3168 5214
228 423 291 490 322

229 595 300 660 dem
321 595 441 680 gratiae
461 594 588 679 signum
608 593 705 660 rubus
728 594 854 678 quidem
874 596 982 662 ardere
1005 595 1088 663 visus
1111 598 1161 662 est
1181 596 1238 662 scd
1253 613 1272 660 a
1286 591 1438 660 combus-

230 701 326 769 tionis
350 703 537 770 detrimento
553 705 711 772 immunis.
736 705 789 772 Sic
811 725 923 772 aurum
940 707 1075 772 finaliter
1095 727 1211 792 purum
1231 725 1344 790 rogum
1366 705 1437 770 sine

229 815 446 883 diminutionis
469 817 655 882 detrimento
679 818 823 883 sustinet.
869 815 932 898 Sic,
956 818 1039 902 quod
1060 819 1187 902 plenum
1209 821 1259 884 est
1279 815 1436 895 miraculi,

228 928 361 1011 animal,
396 933 478 1014 quod
512 929 710 999 salamandra
743 930 873 1011 dicitur,
909 931 1063 1015 quomodo
1096 931 1199 1014 pisces
1221 931 1254 995 in
1274 947 1354 1014 aqua
1386 927 1437 993 ita

228 1039 328 1106 vitam
349 1042 436 1108 ducit
455 1042 490 1107 in
510 1042 583 1128 igne
603 1043 753 1108 illaesam.
775 1041 848 1106 Non
871 1060 944 1126 orgo
966 1041 1091 1120 mirum,
1105 1041 1188 1125 qnod
1209 1039 1292 1125 ignis
1311 1056 1437 1124 quoqne

228 1151 281 1218 ills
304 1151 426 1218 divinus
460 1153 506 1219 sic
527 1151 726 1220 vehementer
757 1149 877 1218 animas
900 1155 932 1218 et
955 1169 1086 1237 corpora
1118 1169 1225 1217 carum
1258 1150 1437 1234 spiritualia

228 1261 327 1329 afficit
370 1267 496 1348 tamque
525 1266 668 1349 potenter
688 1265 841 1347 penetrat,
875 1265 912 1326 ut
943 1263 1067 1346 penitus
1090 1261 1150 1329 sibi
1172 1260 1327 1346 subjiciat,
1360 1279 1438 1326 cum

228 1377 341 1468 tantae
360 1375 457 1442 etiam
479 1375 644 1445 suautatis
668 1373 719 1458 sit,
741 1376 778 1440 ut
801 1373 909 1440 eodem
930 1374 1140 1440 conservando
1163 1371 1314 1440 refoveat.

674 1762 783 1830 cap.
802 1759 985 1816 LXVII.

229 1857 301 1930 lion
322 1877 394 1932 cssc
416 1858 617 1928 contrarium
638 1859 674 1927 in
696 1857 885 1948 corporibus
907 1856 1134 1947 spiritualibus
1156 1874 1227 1924 csso
1249 1854 1345 1924 simul
1366 1855 1439 1944 pal·

408 1971 532 2060 pabilia
554 1971 588 2040 ct
609 1970 875 2060 incorruptibilia
897 1970 931 2037 st
952 1969 1094 2057 qualitor
1116 1969 1177 2038 hoc
1199 1969 1252 2036 sit.

327 2155 370 2222 ut
392 2155 452 2224 hoc
474 2157 606 2224 dicimus
628 2175 664 2224 ac
687 2158 816 2224 dicendo
840 2157 1002 2239 sentimus,
1024 2176 1063 2222 no
1084 2157 1210 2224 illorum
1233 2160 1333 2224 sectas
1354 2158 1439 2225 inci-

232 2285 354 2352 pamns,
378 2269 431 2354 qui
453 2266 512 2334 snb
533 2273 608 2352 typo
631 2267 858 2336 haereticorum
880 2273 1006 2336 sanctas
1028 2272 1129 2336 terrae
1144 2266 1341 2335 detrahentes
1358 2270 1437 2336 olim

230 2379 390 2447 dixerunt:
413 2380 533 2447 Terra
553 2379 649 2446 hacc
670 2380 840 2448 devorat
862 2380 1110 2448 habitatores
1126 2380 1266 2460 suos1),
1279 2380 1439 2465 iidemque

228 2489 290 2576 ipsi
323 2497 432 2558 contra
465 2492 650 2578 semetipsos
673 2492 775 2572 divisi,
807 2496 844 2558 ut
867 2490 1095 2558 detrahentium
1124 2513 1157 2559 so
1189 2493 1317 2560 insanus
1348 2493 1440 2560 furor

229 2603 344 2670 habet:
368 2603 560 2689 stirpem,
583 2603 738 2688 inquiunt,
762 2604 945 2670 enachim
966 2603 1141 2670 vidimus
1166 2602 1269 2690 ibib
1312 2603 1440 2670 Etenim

231 2716 314 2803 quod
336 2715 488 2796 dixerunt,
512 2732 641 2800 corpora
673 2714 727 2780 illa
750 2715 850 2780 ventis
872 2715 999 2799 aerique
1022 2714 1186 2782 subtiliora
1223 2715 1314 2800 quasi
1335 2715 1440 2781 dicere

231 2826 302 2909 fnit,
338 2827 484 2912 quoniam
517 2827 601 2891 terra
630 2824 706 2890 hacc
727 2825 857 2891 devorat
878 2823 1070 2892 habitatores
1094 2845 1178 2893 suos.
1222 2826 1283 2910 Qui
1305 2844 1376 2892 vero
1398 2826 1440 2891 de

232 2943 341 3005 contra
363 2938 470 3003 eadem
492 2953 621 3020 corpora
644 2953 738 3001 sensu
759 2935 886 3001 animali
906 2935 1114 3021 imaginantes
1137 2939 1275 3004 carnalos
1299 2936 1360 3002 sibi
1381 2937 1438 3001 de·

232 3048 318 3115 litias
341 3066 396 3132 per
415 3048 501 3114 mille
534 3064 687 3112 annornm
716 3048 839 3131 tompus
861 3047 1073 3129 promiserunt
1095 3048 1183 3132 quasi
1206 3047 1336 3131 stirpem
1356 3047 1442 3112 Ena·

233 3159 316 3227 ohim
339 3177 373 3225 se
393 3158 458 3224 illic
480 3158 595 3224 vidisse
616 3157 740 3223 mentiti
761 3160 843 3223 sunt.
889 3157 933 3222 At
954 3176 1011 3223 nos
1034 3156 1171 3222 mediam
1191 3160 1333 3224 tenentes
1355 3157 1439 3222 veri·

231 3273 331 3338 tatem
367 3288 439 3335 oum
471 3267 612 3353 patribus
653 3267 830 3334 orthodoxis
873 3269 1024 3335 sentimus
1048 3286 1085 3333 ac
1118 3267 1261 3349 dicimus,
1299 3286 1435 3352 corpora

232 3381 464 3466 resurgentium
497 3379 646 3464 ejusdem,
671 3379 758 3464 cupus
785 3383 858 3447 ante
890 3379 1026 3461 fuerant,
1059 3384 1189 3447 naturae
1222 3381 1277 3447 sed
1309 3379 1440 3444 alterins

233 3493 360 3578 glorias,
383 3491 547 3575 utriusque
568 3491 717 3556 nimirum
737 3491 783 3556 rei
804 3491 837 3555 in
859 3491 986 3556 Domini
1007 3493 1108 3558 nostri
1130 3493 1208 3560 Jesn
1222 3491 1348 3587 ¹Christi
1370 3509 1442 3558 cor·

233 3621 308 3687 pore
329 3606 469 3668 tenentes
492 3601 745 3686 experimontum,
770 3603 832 3686 qui,
846 3605 882 3668 ut
903 3621 962 3669 nos
983 3604 1023 3669 ad
1044 3603 1111 3668 veri
1134 3606 1166 3668 et
1184 3602 1277 3668 solidi
1299 3602 1439 3686 corporis

233 3713 384 3780 formaret
406 3711 510 3793 fidem,
522 3730 687 3797 resurgens
710 3713 879 3779 amortuis
903 3714 1127 3798 discipulorum
1149 3712 1293 3780 manibus
1317 3733 1351 3780 se
1365 3715 1437 3799 pal·

233 3823 371 3912 pabilem
403 3823 555 3908 praebuit,
591 3825 627 3888 ut
649 3842 721 3890 vero
744 3825 783 3891 ad
807 3825 1048 3910 incorruptionis
1085 3825 1231 3892 invitsret
1265 3825 1442 3909 praemium

235 3935 349 4002 clausis
383 3955 417 4003 se
438 3937 522 4003 idem
542 3936 610 4020 ipse
626 3935 732 4019 januis
765 3936 946 4004 introduxit.
989 3937 1058 4020 Qua
1090 3937 1123 4002 in
1155 3955 1189 4002 rs
1212 3937 1272 4001 duo
1295 3935 1386 4002 nobis
1407 3936 1443 4001 in

235 4065 297 4114 uno
320 4048 489 4132 eodemque
518 4064 646 4130 corpore
669 4048 825 4114 contraria
847 4050 1059 4115 demonstrata
1082 4052 1164 4128 sunt,
1199 4051 1236 4113 ut
1258 4047 1352 4114 simul
1373 4049 1444 4132 pal-

235 4157 340 4244 pabile
363 4161 395 4225 et
416 4156 650 4242 incorruptibile
672 4158 776 4224 visum
798 4159 850 4226 sit.
876 4159 960 4225 Nam
982 4161 1018 4225 ut
1039 4157 1149 4224 beatus
1173 4177 1296 4243 quoque
1320 4158 1443 4246 Grego-

235 4270 301 4348 rius
312 4267 357 4363 ait
371 4269 404 4334 in
414 4267 619 4351 Homilia“⁸)=
630 4287 756 4338 necesso
767 4270 982 4363 osteorrumpi
1004 4270 1087 4356 quod
1107 4270 1256 4356 palpatur
1271 4275 1303 4337 ct
1316 4267 1443 4357 palpari

339 4429 359 4501 1)
376 4434 451 4487 Num.
471 4433 515 4489 13.
534 4433 578 4490 33.
594 4462 628 4474 -
649 4437 669 4498 ¹)
690 4435 763 4490 Num.
786 4434 828 4492 13.
848 4434 892 4491 29.
932 4431 953 4503 ³)
972 4434 1046 4490 Hom.
1066 4432 1102 4489 26
1121 4435 1149 4488 in
1167 4433 1266 4500 Evang.
1297 4433 1372 4488 toan.
1395 4435 1438 4490 ed.

236 4505 312 4562 Paris
331 4504 403 4562 loto
422 4510 483 4564 torn.
503 4506 525 4564 Ι.
544 4523 569 4576 p.
586 4506 670 4564 1439.
743 4544 761 4551 ·=
993 4537 997 4544 „
1035 4548 1038 4552 -
1091 4559 1093 4564 .
