3172 5202
204 407 267 475 184

202 579 260 648 sub
292 578 387 666 pedes
419 577 562 645 elefantis
594 579 689 662 atque
722 594 900 664 supponens
930 595 964 644 se
985 575 1031 644 illi
1053 579 1085 644 et
1107 593 1179 644 oum
1213 575 1404 644 interficiens

200 710 289 776 ruina
312 707 379 794 ejus
401 726 567 794 oppressus
589 710 647 775 est.
690 708 774 792 Quid
795 709 823 775 ri
844 710 951 774 tantus
973 704 1117 789 bellator,
1154 706 1230 774 dum
1252 707 1402 775 audacter

201 838 307 928 agit,¹)
342 840 397 908 sed
419 857 482 906 non
503 841 588 904 recte
609 837 765 920 aestimat,
796 837 962 904 discrimen
984 839 1067 904 uitae
1087 839 1260 925 praesentio
1282 839 1404 918 incidit,

202 972 335 1058 qualiter
356 988 414 1056 ego
437 987 564 1036 securus
587 987 656 1036 esee
677 971 803 1054 potero,
827 985 977 1058 quaerens
1000 987 1106 1054 regem
1128 987 1222 1055 super
1244 969 1324 1038 lilios
1346 988 1402 1036 eu·

199 1099 324 1187 perbiae
355 1099 395 1179 in¹
421 1101 510 1166 tanta
530 1097 681 1165 ferocium
709 1097 881 1165 bestiarum
912 1098 1112 1166 multitudine
1133 1116 1170 1165 no
1190 1098 1395 1164 diversitatel

199 1230 260 1298 Sed
281 1230 460 1298 consolatur
491 1248 543 1295 me
563 1230 602 1296 de
622 1229 773 1296 bellatore
799 1227 869 1312 J'am
899 1227 1000 1309 dicto,
1034 1228 1116 1313 quod
1137 1227 1197 1294 etsi
1218 1225 1394 1294 aestimatio

200 1362 267 1448 ejus
289 1360 370 1427 talea
390 1377 427 1427 ao
449 1360 557 1426 delusa
577 1361 636 1440 est,
657 1357 788 1425 intentio
810 1361 917 1426 tamon
938 1359 1006 1442 eJus
1028 1359 1180 1425 salli-non
1201 1359 1315 1443 potuit,
1338 1374 1397 1444 qua

199 1491 259 1560 eibi
278 1507 393 1559 nomen
415 1507 452 1556 ao
472 1489 622 1558 meritum
654 1491 816 1556 aeternum
837 1489 1013 1574 nequierit,
1037 1506 1098 1575 qua
1119 1489 1201 1556 uitae
1224 1489 1397 1574 praesentis

198 1639 363 1691 aerumnas
398 1619 592 1688 aeternitatis
624 1592 731 1705 reunia
752 1619 967 1700 eommutavit,
1004 1619 1044 1684 ad
1066 1619 1156 1704 eojm
1178 1619 1397 1710 rei-indicium

199 1752 317 1840 proprii
349 1770 473 1837 quoque
505 1752 588 1818 mole
619 1749 773 1837 triumphi
802 1750 943 1835 sepultus
965 1753 1022 1816 est.
1068 1748 1218 1817 Similiter
1239 1752 1345 1816 autom
1367 1752 1400 1814 et

195 1883 350 1967 judicium
382 1899 488 1949 meum
520 1881 580 1948 etsi
613 1880 697 1972 circe
731 1897 881 1968 personas
903 1879 970 1948 talli
990 1881 1108 1984 possit,
1144 1884 1180 1949 ut
1200 1881 1240 1947 de
1259 1881 1400 1967 tyrannis

199 2031 236 2082 ao
258 2011 406 2080 monstris
429 2009 611 2078 bestialibus
633 2011 704 2096 plus
726 2010 807 2079 torte
824 2009 912 2096 justo
935 2011 984 2078 rel
1005 2012 1108 2078 minus
1123 2011 1277 2092 eastimet,
1299 2010 1401 2077 inten-

200 2142 318 2211 tionem
340 2114 570 2209 tamen‘meam
591 2139 659 2208 lalli
679 2159 774 2229 posse
789 2159 851 2207 non
864 2141 1008 2224 aestimo,
1029 2159 1111 2228 quae
1131 2144 1164 2210 in
1184 2141 1245 2208 hoo
1266 2142 1401 2208 maxime

200 2275 351 2352 versatur,
373 2273 410 2338 ut
431 2271 601 2358 scripturae
623 2271 763 2340 veritatis
785 2271 825 2338 de
839 2264 1033 2340 Antichristo
1053 2271 1274 2359 prophetantes
1295 2270 1328 2338 in
1349 2270 1400 2340 his

200 2421 237 2471 ac
257 2401 373 2471 talibus
395 2401 538 2490 personia
558 2402 739 2488 completas,
762 2405 795 2469 et
816 2402 844 2469 si
866 2402 940 2488 qnid
961 2402 1062 2469 adhuc
1081 2406 1180 2471 restat
1201 2401 1401 2488 completioni

199 2534 233 2600 in
251 2530 367 2600 talibus
389 2534 583 2620 completum
596 2532 645 2614 iri,
668 2533 901 2612 demonstrem
939 2533 1047 2617 quales
1081 2532 1150 2619 jam
1171 2532 1248 2633 olim
1269 2530 1402 2599 eeclesia

200 2663 259 2732 Dei
279 2663 313 2730 in
333 2661 490 2748 prioribus
521 2662 673 2750 agonibus
706 2680 857 2750 perpessa
891 2665 949 2744 est,
983 2679 1063 2748 quae
1094 2662 1264 2729 extiterunt
1296 2663 1403 2727 tantae

200 2793 339 2874 malitiae
353 2797 386 2860 et
399 2793 580 2880 impietatis,
603 2799 640 2862 ut
653 2798 780 2881 propter
794 2765 980 2880 mysterium
992 2795 1167 2881 iniquitatis
1182 2793 1403 2883 complendum

200 2924 367 3010 quiequam
385 2941 494 2990 eorum
514 2924 668 3009 impietati
690 2925 894 3012 superadjici
916 2943 1042 2994 necesse
1062 2943 1126 2992 non
1140 2926 1191 2993 sit.
1214 2924 1296 3009 Quid
1317 2923 1402 2990 onim

199 3053 392 3122 crudelitatis
424 3053 676 3121 antichristianae
712 3055 914 3140 spurcissimo
948 3054 1071 3140 Neroni·
1104 3054 1237 3140 aliisquo
1273 3052 1401 3139 regibus

197 3182 449 3270 persecutoribus
471 3183 618 3251 eeclesiae
639 3183 762 3251 deluit?
784 3185 865 3269 Quid
887 3183 951 3251 doli
972 3186 1021 3253 uel
1043 3186 1181 3254 malitiae
1202 3184 1398 3253 Antichristo

199 3315 354 3400 repositae
375 3313 577 3382 consuetius
600 3312 738 3382 Arianos
768 3319 799 3381 et
821 3315 968 3382 luhanus
992 3315 1150 3403 Aportata
1170 3318 1265 3400 atque
1286 3289 1402 3382 Valens

199 3445 424 3532 perfecerunt?
446 3443 528 3528 Quid
547 3443 818 3512 immunditiarum
833 3445 999 3515 Heinrieus
1021 3451 1150 3533 quartus
1172 3466 1235 3515 non
1257 3445 1402 3530 exercuit,

194 3564 236 3642 ¹et
256 3575 290 3641 in
310 3574 380 3642 aliis
412 3575 514 3645 adhuc
546 3572 751 3643 deterioiibus
782 3576 925 3663 personis
960 3579 1173 3664 exspectemus
1206 3575 1403 3666 implendum

200 3707 283 3792 quod
304 3707 456 3792 seriptum
478 3710 541 3775 est:
578 3708 641 3794 qui
663 3713 782 3776 nocet
802 3712 942 3776 noceat
963 3709 1081 3778 adhuc
1103 3713 1143 3778 et
1164 3708 1291 3798 quiin
1313 3728 1403 3777 eor·

200 3833 315 3904 dibus
337 3842 398 3905 est
419 3840 631 3909 sordescat
651 3840 839 3924 adhuct²)
881 3841 973 3926 Quid,
994 3840 1138 3927 inquam,
1160 3839 1210 3908 luis
1232 3857 1403 3927 eorumque

200 3963 355 4034 similibus
376 3967 614 4038 incrudelitate
635 3971 685 4038 rel
706 3971 850 4039 sordibus
871 3971 979 4054 doluit,
1017 3972 1050 4038 in
1083 3991 1144 4059 quo
1166 3971 1279 4057 aliquis
1300 3971 1403 4040 adhue

186 4097 248 4164 ‘vel
270 4097 354 4164 ultra
366 4115 478 4167 nocere
491 4098 541 4167 vel
555 4083 737 4169 sordescere
753 4101 865 4189 possit,
887 4103 925 4171 ut
946 4101 1069 4188 dignior
1088 4101 1151 4169 illis
1171 4100 1402 4170 norninehnti·

199 4226 309 4296 christi
329 4225 410 4294 tiatl
453 4227 549 4314 Quasi
569 4246 641 4297 sero
675 4230 793 4317 aliquid
824 4231 951 4300 illomm
988 4231 1127 4300 malitiae
1158 4229 1292 4301 desuerit
1325 4229 1401 4318 quid

303 4417 322 4482 ¹)
342 4417 398 4470 eod.
417 4419 461 4472 sit.

301 4507 322 4580 ¹)
339 4524 411 4578 apoc.
431 4508 475 4566 22.
498 4509 541 4566 11.
