3158 5212
199 396 241 464 54

197 569 243 633 od
265 578 475 648 uesperam
496 558 658 642 dicatque:
692 557 815 640 Quam
847 552 1117 639 magnificata
1149 556 1247 620 sunt
1270 569 1393 638 opera

197 683 267 746 tua
288 673 476 752 Domine,
499 668 629 735 omnia
650 669 690 735 in
712 665 926 751 sapientia
948 663 1092 730 fecisti
1114 666 1172 731 etc.
1195 662 1287 730 Nunc
1309 664 1391 731 unde

197 787 329 875 digressi
362 801 469 850 sumus
503 780 665 846 redeamus
699 779 793 861 idque
830 776 913 861 quod
945 775 1101 862 reliquum
1134 777 1183 842 est
1218 774 1393 860 tyrannidis

201 897 340 965 Heinrioi
362 895 555 960 adnotemus.

674 1250 785 1316 cap.
803 1245 923 1302 XXI.
994 1308 996 1316 ,

198 1383 243 1452 De
266 1377 412 1450 Heinrici
433 1375 489 1444 IV.
522 1374 562 1443 ab
591 1373 720 1462 inperii
743 1370 925 1460 dejectione
947 1369 981 1437 et
1002 1368 1163 1458 Rudolpbi
1185 1371 1281 1461 atque
1305 1367 1398 1439 Hera·

446 1485 535 1556 mani
556 1485 785 1554 substitutione
805 1482 900 1551 simul
923 1482 957 1550 et
979 1481 1148 1550 occisione.

297 1678 476 1766 Videntes¹)
498 1694 632 1759 namquo
650 1674 757 1741 fideles
776 1672 961 1738 Heinricum
977 1669 1035 1737 sub
1050 1670 1174 1737 nomine
1192 1672 1274 1756 regis
1292 1675 1400 1738 contra

200 1789 363 1858 ecclesiam
387 1789 504 1857 Christi
534 1785 729 1871 tyrannidem
759 1802 850 1870 agere
879 1783 973 1866 idque
1001 1785 1122 1848 maium
1152 1784 1259 1868 augeri
1279 1783 1313 1848 in
1334 1783 1399 1850 dies

199 1904 248 1969 usi
270 1918 369 1987 papae
391 1898 535 1984 Gregorii
556 1897 684 1963 oonsilio
706 1897 739 1961 in
761 1912 858 1960 unum
882 1893 1067 1960 conueniunt
1088 1897 1120 1960 et
1138 1913 1236 1960 unum
1257 1913 1293 1962 ex
1314 1897 1400 1980 prin·

199 2011 328 2096 cipibus,
352 2010 552 2093 Rudolphum
574 2008 709 2087 nomine,
739 2023 845 2090 regem
867 2005 1060 2071 constituunt
1082 2004 1224 2073 Haimici
1245 2008 1400 2091 tyrannidi

200 2123 324 2188 obviare
346 2122 522 2206 cupientes,
552 2119 736 2202 interposito
767 2136 841 2184 sane
869 2118 1049 2184 firmissimo
1076 2124 1167 2202 pacto
1189 2137 1228 2184 ne
1250 2136 1400 2202 umquam

200 2232 260 2298 sibi
281 2232 364 2297 idem
384 2230 568 2314 Rudolphus
591 2231 623 2294 in
645 2229 864 2295 ecclesiasticis
888 2230 1091 2314 dignitatibus
1111 2230 1288 2296 ordinandis
1303 2233 1401 2297 ullam

198 2341 584 2431 potestatcmrendicaret.
609 2343 676 2426 Quo
689 2344 714 2426 ²)
737 2345 894 2425 comperto
917 2341 1081 2406 Heinricus
1102 2358 1164 2406 non
1182 2339 1251 2424 jam
1273 2360 1326 2407 rex
1347 2343 1401 2408 sed

199 2458 350 2539 tyrannus
372 2452 468 2536 copiis
491 2453 652 2518 instructis
676 2461 783 2519 contra
812 2454 943 2518 eundem
964 2451 1166 2539 Rudolphum
1190 2470 1298 2537 regem
1319 2451 1399 2519 bello

200 2583 232 2630 sc
253 2566 354 2650 parat,
376 2562 427 2628 cui
449 2565 481 2627 et
501 2562 686 2647 Rudolpbus
708 2583 761 2628 reu
784 2563 917 2628 occurrit
938 2564 970 2628 in
992 2580 1087 2628 manu
1108 2563 1219 2642 ualida,
1243 2561 1399 2630 Saxonum

199 2675 333 2740 maxime
344 2675 443 2738 fretus
452 2673 584 2754 auxiliis
597 2675 825 2758 commissaque
836 2691 940 2758 pugna
948 2693 1044 2759 prope
1056 2673 1185 2740 flurium
1197 2673 1400 2741 Unstruth

198 2787 231 2851 in
252 2786 331 2868 loco,
355 2784 409 2869 qui
430 2783 678 2851 Wolfeshoia
699 2785 829 2865 dicitur,
857 2784 911 2850 ubi
932 2785 1004 2851 hinc
1029 2787 1100 2852 inde
1122 2786 1294 2850 multorum
1315 2786 1399 2853 facta

200 2900 304 2982 strage
325 2895 473 2980 contigit,
504 2912 565 2978 quo
588 2896 672 2962 Deus
694 2897 782 2962 novit
800 2897 927 2981 judicio,
954 2898 1098 2962 illumin
1120 2896 1200 2963 bello
1223 2916 1322 2979 ruere,
1346 2899 1400 2982 qui

199 3027 256 3094 pro
280 3007 409 3073 ccclesia
432 3003 548 3072 Christi
569 3008 662 3090 atque
679 3005 804 3089 justitia
825 3006 943 3072 bellum
964 3007 1084 3073 inierat.

299 3117 344 3184 At
365 3115 500 3182 Rudolio
525 3116 626 3181 occiso
657 3135 719 3181 non
748 3118 848 3183 multo
871 3121 945 3202 post
965 3120 1105 3202 tempore
1125 3119 1230 3186 fideles
1253 3120 1400 3189 ecclesias

200 3228 296 3295 aliurn
319 3214 578 3311 exprincipibus,
600 3226 835 3293 Heremanuum
857 3230 990 3311 nomine,
1012 3231 1044 3294 in
1066 3250 1172 3316 regem
1194 3232 1323 3317 eligunt,
1348 3231 1400 3315 qui

200 3343 232 3405 et
252 3339 318 3423 ipse
340 3356 403 3404 non
424 3338 516 3403 unius
538 3336 652 3422 integri
674 3339 746 3403 enni
769 3340 871 3425 spatio
903 3358 997 3424 regno
1020 3341 1139 3426 potitus
1162 3341 1201 3408 ab
1223 3340 1399 3408 fautoribus

199 3450 339 3516 Heinrici
360 3470 414 3533 per
436 3449 564 3515 insidias
587 3450 706 3514 occisus
729 3452 787 3532 est,
822 3454 858 3516 ut
881 3451 1052 3519 similitudo
1076 3473 1198 3539 quoque
1220 3455 1398 3521 certaminis

201 3579 296 3650 quam
318 3579 413 3646 supra
443 3561 480 3626 de
510 3561 638 3626 muliere
669 3565 869 3645 constuprata
890 3563 1053 3628 intulimus
1075 3563 1108 3628 in
1131 3565 1277 3631 ecclesiae
1299 3569 1400 3632 occa-

200 3671 283 3737 mine
295 3690 357 3736 non
369 3673 498 3738 deesset.
521 3670 609 3738 Siout
628 3675 712 3738 enim
729 3674 793 3739 illic
804 3674 971 3741 aduersarii
982 3675 1148 3759 aequitatis
1162 3675 1210 3741 bis
1222 3678 1398 3763 superiores

200 3782 302 3848 effecti
326 3785 408 3862 sunt,
431 3782 475 3847 ita
497 3783 584 3848 utin
606 3784 665 3848 hoc
687 3785 855 3850 certamine
876 3786 995 3852 duobus
1018 3785 1144 3872 regibus
1167 3786 1199 3850 in
1221 3787 1397 3854 defensione

194 3893 337 3978 justitiae
356 3892 466 3959 occisis
482 3892 529 3959 bis
545 3895 712 3960 adversarii
730 3896 860 3962 uictoria
878 3897 970 3980 potiti
982 3900 1063 3962 sunt.
1086 3896 1202 3963 Sirene
1216 3901 1247 3963 et
1259 3899 1398 3965 mulieris

199 4003 233 4068 in
263 4002 364 4069 frusta
392 4005 549 4071 concissoe
579 4005 612 4070 in
641 4008 798 4092 praesenti
828 4026 922 4074 eausa
952 4008 1123 4076 similitudo
1154 4009 1311 4094 quaeritur
1340 4009 1398 4076 hoe

302 4214 321 4285 ¹)
339 4217 399 4270 ride
417 4219 482 4270 haec
501 4217 582 4271 verba
601 4222 628 4272 in
648 4217 739 4276 Obron.
760 4222 911 4277 Reiehersb.
931 4223 966 4274 od
985 4239 1009 4278 s.
1031 4221 1111 4277 1077.

300 4313 320 4385 ²)
339 4317 412 4368 Haeo
431 4317 509 4369 scibo
533 4320 561 4370 in
586 4316 677 4371 Chron.
697 4319 847 4375 Reiahorsb.
877 4320 925 4374 sub
952 4337 1015 4374 anno
1044 4321 1116 4376 1078
1144 4325 1272 4375 notantur.
1310 4319 1399 4374 Alium

342 4423 453 4474 pugnam
470 4410 546 4474 Juxta
565 4409 721 4464 Weifesholn
742 4412 800 4466 ride
820 4409 910 4465 Obron.
930 4412 1077 4466 Reichsrsb.
1097 4413 1138 4466 ad.
1153 4429 1175 4468 a.
1191 4412 1270 4468 1114.
1292 4413 1397 4483 (rectius

342 4497 385 4555 11.
405 4499 481 4554 Febr.
502 4498 593 4568 1115).
