3172 5202
237 417 300 484 134

335 585 416 655 Hine
438 583 531 666 enim,
564 589 600 652 ut
631 587 663 651 in
695 584 941 669 praesentiarum
963 583 1128 666 cernimus,
1161 585 1289 650 roratur
1311 585 1343 647 et
1364 600 1424 647 non

238 699 358 768 modice
378 696 522 764 turbatur
554 697 683 765 ecclesia
710 696 980 782 Deippermarime
1002 714 1097 781 super
1128 694 1211 762 illins
1235 695 1335 760 malae
1357 711 1429 778 pac·

237 811 331 878 tionis
351 809 454 891 verbo,
477 829 539 894 quo
561 811 642 876 sicut
663 809 798 875 adstruit
820 809 857 888 is,
889 809 941 892 qui
963 807 1130 874 abeodem
1152 806 1276 890 negotio
1299 823 1333 870 se
1356 802 1429 869 snb-

238 922 368 988 traxisse
388 921 510 1002 dicitur,
532 921 673 987 videlicet
688 919 885 1000 Octauianus,
909 906 999 1002 puero
1016 919 1175 986 Victorem
1196 917 1312 996 dicunt,
1335 915 1427 980 simul

238 1037 271 1102 et
291 1032 353 1099 illis
376 1031 591 1101 cardinalibus
623 1032 765 1100 uidelicet
801 1029 944 1098 Jobanne
965 1029 1079 1096 Pisano
1113 1032 1144 1093 et
1176 1026 1327 1095 (luidone
1360 1025 1433 1092 Cre-

239 1163 345 1211 mense
366 1143 560 1228 divulgatum
582 1145 640 1224 est,
663 1143 715 1226 qui
738 1141 839 1206 eidem
853 1141 1006 1224 pessimae
1021 1139 1252 1224 conspirationi,
1274 1138 1311 1202 ut
1332 1135 1432 1203 laten·

238 1261 303 1329 tur.
332 1253 541 1326 interfuerunt
573 1257 605 1319 et
628 1253 710 1320 male
732 1253 823 1318 datae
845 1256 876 1317 et
897 1253 1042 1336 acceptae
1063 1251 1221 1334 pecuniae,
1257 1252 1294 1314 nt
1316 1249 1432 1329 dicum,

239 1366 405 1453 participes
438 1363 513 1432 faeti
535 1369 618 1444 sunt,
652 1363 692 1430 ab
713 1363 773 1442 his,
806 1363 943 1448 inquam,
977 1363 1172 1445 divulgatum
1195 1365 1238 1441 et,
1275 1360 1357 1445 quod
1378 1378 1433 1445 pro

240 1480 366 1563 accepta
398 1475 494 1544 Siculi
515 1479 548 1542 et
566 1474 845 1543 Mediolaneneium
877 1475 1009 1560 pecunia
1038 1472 1143 1539 domni
1165 1472 1362 1558 imperatoris
1386 1489 1437 1536 er·

243 1587 480 1657 communicatio
516 1585 576 1654 sub
612 1587 754 1653 cautione
789 1585 1007 1652 sacramentali
1046 1584 1246 1650 firmitudinis
1282 1580 1437 1666 promissa

242 1698 346 1781 luerit,
380 1717 440 1783 quo
462 1703 553 1783 pacto
575 1699 669 1766 etiam
692 1698 723 1763 id
745 1697 904 1764 firmatum
927 1697 1048 1777 dicitur,
1080 1699 1232 1779 quatenus
1253 1693 1290 1760 de
1311 1693 1439 1759 illorum
1573 1769 1574 1790 ἶ

243 1814 343 1893 coetu,
376 1809 430 1895 qni
452 1809 513 1876 tale
533 1811 688 1896 piaculum
710 1809 933 1908 commiserint,
964 1827 1044 1874 unus
1077 1808 1108 1872 in
1140 1823 1252 1890 papam
1274 1805 1439 1889 eligeretur
1573 1791 1574 1828 ³

243 1931 317 2010 post
349 1926 483 1989 mortem
505 1921 645 2006 Adriani,
678 1939 771 2006 quam
800 1921 1036 2006 promissionem
1059 1921 1091 1986 in
1114 1920 1263 1986 electione
1278 1921 1300 2002 ¹)
1332 1916 1440 1984 dicunt

246 2052 314 2098 essa
336 2033 533 2118 completam.
579 2034 680 2116 Quem
713 2051 787 2098 sane
819 2034 882 2098 tale
903 2033 1059 2117 piaculum
1096 2049 1158 2095 non
1191 2030 1440 2096 scandalizaret?

246 2144 336 2227 Quod
368 2142 476 2226 utique
508 2143 534 2208 si
555 2148 766 2228 perpetratum
799 2147 956 2210 constaret
986 2140 1009 2208 J
1012 2143 1089 2208 udae
1122 2141 1281 2208 traditoris
1313 2141 1441 2208 crimine

246 2253 445 2343 paulominus
468 2254 647 2320 sceleratius
669 2258 762 2322 esset.
792 2252 875 2320 Nam
896 2254 960 2319 illic
982 2253 1151 2337 discipulus
1173 2253 1369 2338 magistrum,
1390 2251 1442 2317 bic

248 2368 337 2453 pater
358 2366 458 2433 filium
480 2366 625 2432 ecclesiae
647 2371 732 2434 reste
754 2367 906 2433 nudatum
919 2363 1063 2432 hostibus
1080 2363 1277 2448 tradidisset;
1299 2366 1355 2428 aut
1369 2363 1443 2445 quia

249 2480 372 2543 tantum
392 2476 512 2546 facinus
541 2478 579 2544 de
599 2480 666 2545 tam
688 2477 879 2563 sapientibus
902 2476 985 2543 credi
1006 2474 1132 2542 difficile
1154 2477 1212 2558 est,
1246 2475 1388 2558 quamuis
1411 2479 1443 2541 et

250 2607 378 2657 munera
400 2590 492 2657 corda
515 2594 678 2656 excoecant
699 2591 891 2673 sapientum,
922 2589 949 2654 si
971 2587 1101 2654 liberam
1122 2605 1215 2671 super
1235 2585 1294 2651 bac
1315 2584 1444 2650 infamia

251 2701 385 2768 retinent
417 2701 637 2768 conscientiam
670 2677 836 2767 ostendant
867 2700 962 2766 etiam
994 2698 1141 2764 ecclesiae
1164 2697 1220 2763 Dei
1243 2712 1333 2762 suam
1355 2695 1442 2762 inno·

252 2813 388 2879 centiam
407 2813 566 2897 piaculum
588 2813 670 2878 idem
692 2815 906 2898 competenter
941 2810 1080 2896 negando
1104 2813 1135 2874 et
1156 2807 1195 2874 ab
1217 2805 1361 2874 hostibus
1383 2807 1444 2872 im·

251 2922 329 3008 perii
349 2923 452 2989 soluto
473 2924 555 3007 pacti
575 2923 696 2990 foedere
717 2923 865 2989 auxilium
880 2927 913 2988 et
926 2922 1065 2989 fauorem
1080 2938 1172 2986 suum
1186 2918 1279 3002 longe
1292 2918 1443 2998 faciendo,

254 3035 385 3100 mamma
406 3054 478 3102 cum
501 3035 633 3101 domnus
666 3036 834 3120 imperator
867 3053 960 3118 super
982 3030 1126 3097 omnibus
1150 3046 1227 3114 quae
1248 3030 1448 3114 postulantur

253 3144 405 3229 justitiae·
428 3163 483 3210 sen
515 3145 643 3211 consilio
676 3149 759 3211 stare
780 3147 909 3230 paratur
931 3141 1034 3224 luerit,
1057 3160 1183 3227 semper
1205 3146 1237 3208 et
1256 3139 1356 3208 adbuc
1378 3141 1447 3207 Deo

255 3259 417 3337 annuente,
436 3261 473 3322 ut
494 3276 665 3344 speramus,
698 3260 825 3342 paratus
848 3257 916 3340 erit,
950 3255 1031 3322 sicut
1053 3275 1120 3320 esse
1141 3253 1242 3336 debet,
1265 3254 1397 3319 marimo
1419 3255 1448 3320 si

257 3365 384 3452 expiatis
406 3366 454 3432 bis
476 3367 607 3453 piaculis
629 3369 666 3434 de
688 3367 898 3434 Βοιιιιιιοιιιιιι
920 3387 995 3450 erge
1015 3365 1182 3452 imperium
1205 3364 1353 3434 fidelitate
1373 3385 1448 3433 oon-

258 3479 384 3546 stiterit.
407 3477 540 3562 Propter
561 3479 620 3544 hoc
642 3479 738 3563 igitur
759 3496 778 3544 a
797 3478 939 3545 fidelibus
961 3479 1108 3544 ecclesiae
1123 3480 1155 3543 et
1168 3478 1291 3562 imperii
1305 3478 1450 3561 generale

259 3591 449 3662 desideratur
483 3589 657 3671 concilium,
690 3587 744 3656 ubi
766 3590 910 3656 omnibus
946 3589 994 3656 bis
1016 3591 1048 3655 in
1071 3590 1207 3656 medium
1239 3589 1368 3673 prolatis
1402 3606 1449 3668 ac,

259 3705 325 3772 Deo
347 3702 479 3782 fauente,
502 3700 629 3786 expiatis
652 3718 784 3786 unoque,
817 3701 990 3768 adulterino
1013 3701 1164 3780 uidelicet,
1198 3701 1326 3787 palmite
1347 3698 1449 3765 exciso

260 3815 371 3882 etalio
393 3817 524 3899 purgato
558 3812 659 3878 unitas
691 3811 749 3879 liat
770 3815 802 3879 et
822 3830 881 3896 pax
912 3813 995 3878 inter
1026 3831 1156 3898 regnum
1178 3816 1210 3878 et
1231 3787 1450 3892 sacerdotium,

261 3945 318 4012 pax
351 3944 470 4010 quoque
503 3924 722 3990 reformaretur
753 3925 900 3990 ecclesiae
933 3923 1086 3990 scandalis
1115 3922 1228 3992 ablatis
1261 3925 1292 3990 et
1325 3922 1450 3993 excluso

263 4038 439 4108 schismate.

265 4383 509 4398 W

367 4483 385 4552 ¹)
406 4480 462 4535 eod.
482 4479 637 4534 electionem.
