3168 5214
1263 398 1327 464 319

124 565 213 648 quod
235 565 386 648 templum
408 564 476 649 ipso
499 561 674 630 habitatore
695 563 843 649 indigeat.
866 563 1015 650 Alioquin
1037 569 1104 654 ipso
1128 564 1330 648 subtrahente

124 663 161 741 se
184 694 249 742 non
265 675 335 760 jam
357 675 509 761 templum
540 675 594 741 sed
617 675 799 741 tenebrosus
822 695 928 743 earoer
951 680 1059 745 eadem
1081 678 1242 746 rationalis
1264 700 1330 745 ere·

124 790 219 854 atura
253 789 413 869 existeret,
448 789 603 872 quomodo
637 790 747 857 soleris
780 791 858 857 luois
891 793 1066 875 praesentia
1088 795 1120 860 in
1143 802 1215 863 atre
1248 797 1330 863 diem

124 903 223 981 areat,
236 916 298 984 qua
310 898 468 966 subtracta
478 919 538 967 nor
552 900 590 966 fit
605 901 638 967 in
654 919 716 985 qua
730 905 948 987 pertranseunt
964 922 1070 972 omnes
1086 905 1204 974 bestiae
1219 907 1327 978 eduae.

586 1188 697 1258 Gap.
716 1187 879 1245 LXIV.

261 1311 362 1381 Iroous
383 1311 443 1378 Dei
463 1311 529 1381 Deo
551 1310 691 1381 interior·
713 1313 866 1381 ereatura
886 1313 1058 1382 rationalis
1080 1315 1194 1385 eleeto.

230 1499 291 1565 Per
323 1499 396 1583 quid
426 1503 533 1566 autam
565 1499 597 1564 in
630 1499 689 1565 hoe
721 1501 839 1584 templo
874 1519 930 1566 suo
963 1465 1118 1567 inhabitat
1139 1506 1234 1586 Daue,
1267 1508 1327 1574 nisi

124 1616 263 1700 pondere
286 1633 352 1694 suo,
376 1612 458 1697 quod
480 1613 529 1676 est
551 1610 686 1676 charitas
709 1610 799 1693 ojus?
827 1611 889 1677 Per
910 1611 992 1678 huno
1015 1612 1075 1678 sibi
1097 1614 1328 1683 consubstanti-

125 1728 209 1792 alem
242 1744 382 1792 amorem
416 1743 540 1791 sursum
562 1724 594 1788 in
616 1723 751 1808 angelis,
784 1741 841 1806 per
872 1722 955 1788 hune
977 1723 1123 1790 deorsum
1143 1725 1176 1789 in
1199 1728 1327 1793 ecelesia

125 1855 183 1903 sua
216 1839 379 1920 tamquam
412 1853 544 1919 sponsus
566 1834 599 1899 in
621 1849 736 1917 sponsa
769 1835 874 1898 manet
908 1836 939 1900 et
960 1835 1127 1916 requiescit
1159 1837 1191 1903 in
1223 1839 1325 1920 terris,

124 1950 255 2035 ipsaque
276 1947 436 2014 rationalis
459 1948 600 2015 ereatura
620 1944 654 2009 in
674 1945 743 2029 ipso
760 1961 849 2010 uersa
863 1944 930 2012 vioe
944 1948 1047 2013 mutui
1061 1948 1176 2014 amoris
1191 1949 1326 2033 pondera

124 2061 297 2127 delectatur
319 2062 351 2125 et
372 2057 538 2143 requiescit
559 2059 721 2138 tamquam
742 2072 813 2120 vere
834 2055 867 2120 in
889 2056 957 2122 loeo
980 2061 1087 2124 saneto
1107 2078 1163 2125 suo
1183 2060 1248 2126 sina
1264 2081 1324 2145 quo

125 2173 153 2238 ai
174 2170 253 2237 bene
274 2189 337 2236 non
360 2175 408 2236 est
428 2189 485 2236 neo
505 2187 572 2234 asse
593 2170 708 2253 potest.
745 2166 836 2233 Unde
857 2168 951 2232 etiam
973 2169 1044 2234 taisi
1066 2187 1102 2235 ac
1125 2171 1244 2255 decepti
1266 2172 1324 2238 ho·

124 2284 223 2350 mines
257 2281 383 2365 verique
404 2281 463 2346 Dei
494 2279 638 2345 notitiam
670 2298 733 2344 non
764 2277 923 2359 habentes,
956 2299 994 2346 ne
1028 2281 1094 2347 sine
1116 2283 1181 2349 Deo
1219 2284 1325 2350 miseri

122 2397 228 2462 essent
260 2394 309 2459 vei
331 2393 369 2458 de
401 2391 533 2457 mortuis
566 2389 744 2456 hominibus
779 2392 827 2456 vel
862 2391 900 2455 de
924 2391 1102 2458 inanimatis
1136 2395 1229 2460 rebus
1265 2395 1324 2460 sibi

122 2505 210 2572 Deos
244 2503 457 2571 confinxerunt
476 2502 509 2566 in
532 2520 665 2584 quorum
697 2501 758 2566 fide
780 2479 890 2585 at'spe
913 2520 966 2568 eor
988 2505 1129 2588 ipsorum
1162 2508 1324 2590 tamquam

121 2618 155 2684 in
177 2635 234 2683 suo
256 2617 325 2682 loco
348 2613 570 2699 requiesceret,
594 2613 649 2679 sod
670 2612 845 2678 miseriores
875 2612 977 2679 effecti
1000 2626 1081 2694 sunt,
1105 2615 1181 2680 dum
1203 2617 1323 2700 decepti

122 2745 141 2792 a
163 2724 377 2805 daemonibus,
401 2725 453 2809 qui
475 2725 519 2791 eis
541 2743 596 2808 per
618 2724 783 2789 simulacra
799 2721 915 2788 dabant
930 2742 1088 2808 response,
1114 2745 1190 2811 quos
1206 2728 1323 2794 amieos

121 2839 313 2924 putaverunt
344 2837 469 2902 modam
506 2834 612 2900 hostes
636 2834 752 2918 experti
774 2837 857 2899 sunt.
903 2833 1004 2900 Verus
1027 2852 1162 2922 namque
1183 2839 1269 2904 loeus
1293 2842 1325 2904 et

123 2948 245 3034 requies
279 2949 379 3014 cordis
413 2947 514 3013 nostri
534 2964 615 3011 nnus
638 2949 670 3011 et
691 2947 776 3012 sotus
798 2944 883 3011 Deus
917 2963 1010 3030 super
1040 2967 1100 3032 qno
1122 2949 1322 3014 comminatio

121 3059 177 3126 ille
199 3062 308 3125 eontra
340 3057 536 3142 hypocritam
556 3057 589 3122 in
610 3057 690 3123 libro
713 3056 792 3138 Job‚
824 3075 887 3140 qua
909 3059 1037 3126 dieitur:
1070 3061 1115 3127 m
1136 3079 1211 3127 non
1231 3079 1324 3145 eog-

123 3174 259 3238 noseet
280 3190 362 3236 eum
384 3170 561 3255 amplius
590 3173 706 3266 loeus
738 3168 869 3256 ernest)
913 3171 982 3237 Hoo
1003 3172 1086 3239 enim
1107 3172 1168 3237 nisi
1191 3172 1229 3236 de
1250 3171 1321 3235 rivo

124 3287 155 3350 ot
175 3281 321 3350 rationali
342 3283 411 3348 loeo
434 3300 497 3348 non
519 3281 682 3349 diceretur.
705 3281 818 3366 ltaque
840 3285 871 3349 et
892 3301 950 3347 nos
965 3281 1035 3348 Deo
1057 3283 1143 3348 loeus
1162 3281 1321 3348 existimus

123 3398 154 3461 et
174 3395 244 3481 ipse
265 3393 365 3474 nobis,
388 3411 521 3478 quorum
541 3396 709 3478 utrumque
730 3393 859 3478 prodest
880 3410 942 3458 non
963 3392 1026 3477 ipsi
1047 3393 1102 3458 sed
1123 3392 1225 3458 nobis.
1247 3391 1323 3477 Ipse

123 3504 206 3572 enim
227 3504 381 3571 bonorum
412 3507 591 3572 nostrorum
612 3522 675 3570 non
693 3503 821 3588 indiget,
858 3521 915 3568 noe
938 3501 1056 3587 absque
1077 3503 1130 3569 iilo
1154 3502 1231 3568 salvi
1253 3521 1321 3568 esse

121 3635 184 3684 non
206 3634 387 3702 possumus.

589 3904 701 3972 cap.
719 3902 859 3958 LXV.

317 4026 567 4096 sublimissimus
588 4027 654 4096 Deo
676 4027 766 4098 loous
787 4029 857 4116 ipso
877 4026 962 4094 Deus
984 4024 1047 4094 sibi
1069 4025 1127 4093 ost.

224 4212 257 4294 Si
290 4216 395 4280 autem
426 4216 514 4282 loeus
548 4213 711 4280 sublimior
737 4212 799 4280 Dei
828 4211 1018 4296 inquiretur,
1053 4228 1146 4295 quam
1179 4208 1229 4274 uel
1260 4225 1318 4272 nos

123 4344 233 4392 sumus
256 4325 305 4390 uel
327 4325 467 4410 angelica
490 4328 630 4393 ereatura
653 4327 711 4408 est,
733 4324 766 4390 in
785 4342 845 4407 quo
869 4323 964 4389 etiam
985 4324 1057 4388 ante
1078 4320 1185 4387 mundi
1208 4318 1320 4385 oonsu-

225 4488 244 4559 ι)
263 4489 321 4544 ros.
341 4489 367 4544 r.
387 4490 430 4544 10.
