3158 5212
187 668 194 682 ἡ
296 587 418 668 Latuit,
441 596 478 652 ut
509 588 612 654 omnia
634 587 750 667 dicam,
779 587 862 654 intra
883 576 1006 652 moenia
1028 585 1141 654 Vestra
1161 585 1294 652 illustris
1317 584 1396 652 [icr-

196 724 318 789 maniae
340 723 527 790 Bernardus.

295 859 471 926 Volvuntur
492 858 616 926 saecula
639 863 670 926 ct
691 860 798 927 eadem
831 858 999 925 hodiedum
1026 858 1193 924 innovatur
1222 860 1398 943 temporum

197 993 374 1062 difficultas.
419 995 515 1079 Sunt,
540 997 591 1080 qui
614 1015 685 1062 rena
708 996 795 1062 falsis
818 998 949 1063 miscere
970 998 1108 1074 tentant3
1141 997 1224 1076 sunt,
1248 994 1301 1078 qui
1323 1010 1396 1062 auo·

196 1131 373 1211 toritatem,
398 1133 463 1198 sive
485 1132 527 1197 sit
549 1149 637 1199 sacra
659 1133 724 1199 sire
744 1131 894 1221 prolana,
921 1133 1046 1218 penitus
1068 1131 1252 1198 abolendam
1274 1133 1395 1216 putant,

195 1269 295 1333 aciem
316 1269 397 1336 inter
418 1271 520 1336 claves
547 1273 695 1339 ecclcsiae
720 1275 921 1358 gladiumque
951 1273 1074 1338 civilem
1094 1270 1292 1352 instruendo,
1316 1268 1396 1335 unde

197 1409 331 1474 maxima
352 1409 466 1500 ubique
489 1411 520 1473 et
543 1409 700 1492 religionis
724 1413 755 1475 ct
777 1409 963 1494 reipublicae
984 1409 1051 1474 lues
1074 1406 1182 1474 erasit.

297 1546 381 1611 Inter
402 1545 461 1610 hoc
483 1546 573 1612 ariete
596 1566 700 1612 rerum
729 1547 895 1612 discrimen
919 1545 1064 1613 Vestram
1093 1544 1272 1610 societatem
1302 1541 1338 1608 P.
1360 1539 1396 1606 R.

196 1698 296 1764 ucque
319 1678 458 1746 Gerhohi
479 1681 602 1748 animus
625 1703 725 1767 neque
749 1684 890 1750 doctrina
913 1683 1058 1748 descruit.
1090 1679 1204 1747 Nullus
1234 1678 1395 1762 hucusque

197 1815 346 1882 Vestrum
363 1816 447 1882 hosti
461 1819 543 1883 male
559 1821 684 1904 tergum
698 1819 801 1887 dedit:
825 1837 912 1886 sacra
934 1818 1010 1886 fides
1034 1821 1065 1884 et
1087 1818 1169 1884 alma
1184 1833 1243 1900 pax
1258 1812 1397 1883 Gcrhohi

197 1969 269 2018 ossa
288 1952 521 2019 circumvolant.

296 2086 440 2154 Tuemini
462 2089 594 2156 uirtutes
617 2091 812 2176 cineremque
832 2092 904 2172 riri,
938 2093 978 2174 et,
1013 2109 1107 2175 quam
1129 2088 1226 2158 Vobis
1248 2105 1396 2174 propono,

196 2223 280 2290 illius
303 2225 481 2292 litterarum
504 2226 646 2293 decorem
668 2225 831 2293 moenibus
854 2225 976 2292 Vestris
998 2224 1133 2292 inserita.

339 2386 461 2454 Dabam
483 2389 580 2456 Iincii
602 2390 709 2457 Idibus
733 2387 878 2456 Octobris
904 2387 997 2456 1874.

640 2620 807 2688 clientelae
831 2620 961 2688 Vestrae

924 2829 1155 2898 addictissimus

684 3023 976 3104 Friedericus
1002 3016 1397 3114 Scheibelbenqen.
