3158 5212
279 404 322 472 44
403 433 411 450 ι

276 577 417 643 bardiam
436 575 591 643 destinata
612 595 674 661 quo
690 580 721 643 et
735 577 860 662 reginae
876 580 1068 644 commeatus
1083 577 1123 643 ab
1137 578 1327 663 imperatore
1349 596 1474 663 quaere·

276 687 385 767 batur;
408 688 544 771 dumque
564 687 619 752 illa
641 707 697 772 pro
720 689 821 753 causis
845 689 970 773 quidem
993 687 1226 768 secretioribus,
1250 687 1379 755 obtensa
1400 707 1473 755 roro

276 800 485 885 praegnantis,
507 803 543 864 ut
564 803 638 877 erat,
661 799 842 866 infirmitate
864 799 1003 866 laborem
1024 802 1092 867 viae
1114 801 1309 880 intremeret,
1333 800 1473 885 episcopi

276 929 348 977 nero
370 910 502 994 reginae,
539 913 575 974 ut
603 897 756 994 erat'regi
778 912 939 996 placitum,
974 911 1200 997 profectionem
1229 911 1398 976 suaderent
1418 911 1473 976 illa

275 1022 357 1088 inter
378 1025 480 1086 cetera
501 1021 613 1087 dixisse
634 1021 832 1107 perhibetur,
860 1023 947 1106 justo
970 1043 1004 1088 se
1025 1040 1165 1088 moerore
1184 1020 1405 1087 contabescere
1426 1021 1473 1086 vi-

275 1148 388 1215 amque
420 1133 532 1197 merito
566 1133 748 1213 detrectare,
783 1152 861 1217 quae
884 1153 902 1200 a
924 1134 1051 1220 proprio
1088 1133 1200 1200 marito
1234 1133 1279 1197 ite
1302 1133 1473 1218 prostituta

276 1242 326 1321 eit,
348 1245 384 1306 ut
406 1243 484 1308 scire
500 1261 563 1309 non
583 1244 693 1328 possit,
718 1264 754 1310 er
775 1263 836 1330 quo
851 1246 973 1331 prolem
992 1244 1176 1330 conceperit.
1199 1241 1344 1309 Proleota
1365 1245 1470 1308 tamur

275 1355 323 1418 est
344 1355 438 1436 atque
459 1353 492 1417 in
513 1354 583 1439 ipsa
616 1356 666 1420 nia
689 1358 882 1439 quorundam
905 1358 1007 1422 Deum
1026 1356 1206 1422 timentium
1227 1355 1340 1420 anulio
1363 1353 1472 1440 iugem

274 1463 416 1547 arripuit.
455 1464 600 1548 Dumque
637 1465 691 1531 ubi
726 1470 851 1551 poterat
887 1467 1080 1534 delitesceret
1115 1467 1221 1532 missin
1247 1466 1287 1530 ad
1309 1465 1471 1551 episcopos

274 1574 457 1642 Germaniae
479 1576 591 1641 litteris
613 1594 721 1642 causas
750 1577 843 1662 fugae
862 1596 898 1643 ao
921 1578 1125 1663 separationis
1145 1576 1271 1663 publica
1292 1576 1473 1643 manifestat

274 1687 485 1770 quaerimonia
522 1686 627 1770 sicque
663 1687 839 1772 iniquitatis
861 1691 1058 1773 mysterium,
1096 1688 1179 1774 quod
1200 1689 1289 1774 prius
1312 1687 1472 1754 dicebatur

273 1799 472 1880 intenebris,
505 1801 659 1884 coepitio
680 1802 749 1867 luce
771 1805 802 1868 et
823 1800 949 1887 publico
972 1800 1041 1880 dioi,
1066 1803 1218 1884 quantum
1235 1790 1345 1864 ¹tamen
1367 1791 1473 1882 publi·

274 1929 328 1977 cus
350 1911 474 1977 auditus
509 1913 634 1997 poterat
655 1912 829 1979 admittere.
873 1912 993 1996 Regina
1014 1929 1087 1977 uero
1109 1911 1290 1996 inproprie
1314 1913 1345 1976 et
1366 1909 1469 1975 marit'

273 2021 415 2087 videlicet
447 2021 567 2086 dimissi
600 2040 695 2107 regno
729 2025 846 2090 latendi
883 2023 1083 2090 securitatem
1105 2039 1167 2086 non
1188 2021 1345 2086 inveniens
1367 2021 1469 2106 primo

273 2134 327 2218 ad,
348 2134 531 2218 ungaricum
566 2151 713 2218 regnum,
750 2133 805 2198 ubi
841 2132 994 2217 quosdam
1029 2133 1174 2217 parentes
1212 2129 1356 2211 babebat,
1395 2127 1471 2214 iuga

272 2244 404 2310 devenit.
439 2242 585 2327 Dumque
607 2243 731 2310 atinde
753 2262 822 2309 eam
844 2244 1014 2329 imperator
1046 2242 1151 2307 missis
1174 2233 1292 2306 nuntiis
1313 2237 1471 2306 retrahere

272 2353 460 2420 destinasset
480 2354 512 2419 in
535 2355 702 2420 Ruteniam
733 2355 772 2420 ad
803 2355 940 2439 patrium
962 2353 1106 2419 videlicet
1137 2370 1269 2437 regnum
1301 2350 1469 2436 repedavit,
1574 2337 1575 2340 '

272 2465 326 2530 ubi
348 2465 502 2548 reliquum
524 2467 608 2532 vitae
629 2470 754 2552 tempus
776 2467 808 2531 in
833 2470 940 2532 sancta
963 2465 1113 2531 uiduitate
1134 2463 1265 2549 peregit.
1309 2463 1376 2529 Rex
1396 2479 1469 2528 vero

272 2576 303 2639 et
324 2574 392 2660 ipse
424 2576 457 2640 in
487 2593 560 2642 suae
583 2576 803 2641 obscoenitatis
826 2579 860 2642 et
882 2575 1054 2660 impietatis
1087 2574 1226 2659 nequitia
1261 2574 1470 2660 perseuerauit

271 2686 433 2751 venditans
465 2687 664 2772 episcopatus
688 2690 719 2752 at
741 2687 934 2771 quibuslibet
968 2686 1114 2771 turpibus
1151 2704 1387 2771 nonnumquam
1429 2687 1469 2754 ob

271 2797 370 2882 ipsine
392 2798 594 2882 turpitudinis
627 2799 766 2883 pretium
788 2799 1011 2864 ecclesiasticos
1035 2799 1169 2884 largiens
1191 2799 1335 2877 honoras,
1367 2796 1412 2861 ita
1434 2801 1469 2861 ut

271 2907 429 2973 instratis
452 2928 576 2994 quoque
594 2910 779 2975 lectulorum
808 2912 890 2976 inter
911 2913 1015 2976 scorta
1036 2915 1068 2976 et
1089 2912 1169 2976 inter
1191 2911 1278 2995 ipsos
1300 2909 1470 2995 turpitudi-

271 3036 347 3083 num
369 3019 468 3084 socios
491 3039 527 3085 ac
549 3021 649 3085 socias
678 3021 839 3087 lasciviens
870 3021 991 3086 dicatur
1017 3021 1140 3087 cuidam
1163 3021 1361 3106 episcopatus
1383 3021 1470 3086 inve·

274 3129 420 3195 stituram
441 3151 497 3216 per
519 3133 695 3210 annulum1)
730 3135 765 3197 ut
795 3137 861 3197 orat
883 3133 983 3217 turpis
1007 3132 1189 3217 turpissimo
1227 3131 1384 3198 schemate
1406 3150 1469 3196 non

272 3240 399 3307 dicendo
421 3243 604 3326 porrexisse.
648 3245 749 3326 Quam
771 3262 838 3308 rem
860 3244 908 3307 nel
931 3243 1065 3309 similem
1087 3241 1153 3326 ejus
1191 3243 1318 3327 quidam
1341 3242 1465 3308 schola-

272 3351 348 3419 stice
369 3355 443 3417 tunc
463 3354 615 3439 temporis
638 3355 831 3421 subsannans
856 3354 954 3419 irrisit
976 3353 1035 3418 hoc
1057 3351 1166 3418 modo:

371 3461 614 3529 Abbatissarum
650 3466 888 3550 reginarumque
911 3463 1066 3529 subactor.

371 3574 505 3660 Propter
544 3575 731 3642 adulterium
768 3575 881 3640 sumsit
903 3573 1105 3660 episcopium.

370 3683 480 3750 Mundi
501 3687 601 3752 Roma
624 3691 718 3773 caput
749 3688 776 3752 si
797 3705 858 3752 nou
880 3686 1041 3751 ulciscitur
1061 3686 1148 3752 illud.
1276 3775 1278 3780 Ι

372 3797 456 3878 Quae
478 3802 572 3883 caput
593 3799 765 3865 orbis'erat
788 3797 884 3862 cauda
916 3796 956 3860 sit
978 3799 1010 3860 et
1031 3794 1181 3881 passaw)

375 4079 392 4148 ¹)
411 4082 466 4135 cod.
487 4083 604 4134 anulum!

371 4177 390 4246 ²)
410 4179 440 4230 ln
459 4182 573 4244 margine
591 4181 686 4232 cordicis
704 4181 747 4232 lric
765 4180 899 4234 scribitur:
921 4179 991 4233 1534
1011 4179 1026 4231 J
1032 4195 1081 4231 am
1101 4179 1246 4233 rideres.
