3158 5212
218 382 261 446 70

217 552 414 618 recedentem
435 569 471 616 ac
487 550 630 616 civitates
646 552 669 633 ¹)
692 549 843 634 quaedam
857 546 946 632 regni
961 548 1009 612 sui
1025 547 1213 631 ingressum,
1237 550 1337 614 clerus
1358 564 1420 613 non

218 664 310 729 solito
346 663 451 728 favore
484 680 520 727 ac
553 661 697 728 laudibus
724 661 892 744 exciperet,
926 659 1082 724 nonnullis
1110 658 1253 725 videlicet
1281 658 1320 724 ab
1354 658 1420 743 ejus

217 774 393 858 receptione
422 793 456 840 se
482 771 748 854 subtrahentibus,
782 771 870 854 qnasi
891 771 924 835 in
946 768 1075 835 rebelles
1099 769 1230 854 imperio
1253 769 1424 836 vindictam

218 888 347 964 exercet,
371 885 483 950 domus
508 903 614 951 eorum
638 882 776 949 subverti
800 883 1004 968 praecipiens.

318 994 392 1061 Non
414 996 513 1062 multo
536 998 608 1079 post
630 994 754 1062 Gelasio
779 995 911 1060 obeunte
934 993 1083 1060 callixtus
1108 993 1254 1075 succedit,
1278 991 1367 1076 cnjus
1390 991 1424 1056 in

220 1112 361 1191 tempore
383 1108 509 1173 tandem
533 1106 661 1172 eeclesia
683 1107 723 1170 ad
744 1105 901 1189 eligendos
918 1102 978 1170 sibi
1003 1105 1163 1189 episcopos
1186 1103 1332 1171 libertate
1364 1103 1420 1167 do-

220 1221 295 1284 nata
317 1226 374 1299 est,
397 1219 447 1283 oui
470 1221 501 1282 et
522 1218 724 1284 investiturae
739 1236 793 1299 per
808 1217 958 1282 annulum
975 1221 1006 1281 et
1020 1214 1176 1298 baculum,
1200 1216 1322 1300 virgam
1337 1214 1423 1281 vide·

220 1331 294 1396 licet
307 1330 495 1413 pastoralem
510 1329 542 1394 in
557 1331 773 1413 episcoporum
788 1327 1052 1393 consecrationem
1071 1323 1229 1392 faciendae
1244 1325 1422 1410 recognitae

222 1443 305 1507 sunt.
345 1440 461 1505 Videns
483 1457 618 1524 namque
642 1441 814 1524 imperator
837 1438 983 1504 ecclesiae
1005 1455 1116 1522 graves
1139 1455 1251 1502 manus
1274 1454 1367 1520 snper
1389 1454 1423 1500 se

222 1570 259 1618 ac
281 1555 423 1618 metuens
445 1570 484 1616 ne
507 1550 588 1617 forte
609 1551 642 1615 in
662 1550 828 1632 iniquitate
851 1566 985 1631 suaper
1008 1550 1110 1614 coelos
1132 1548 1311 1628 rationales,
1338 1547 1424 1612 vide-

221 1663 295 1729 licet
317 1663 478 1747 episcopos
502 1667 532 1728 et
554 1665 679 1728 sanctos
695 1662 764 1742 Dei,
787 1662 922 1726 revelata
942 1660 1036 1726 etiam
1056 1663 1149 1741 terra,
1172 1658 1288 1726 terreni
1303 1657 1424 1724 scilicet

222 1774 387 1858 principes,
410 1773 558 1839 adversus
582 1793 654 1838 eum
677 1774 900 1856 consurgerent
922 1771 1028 1855 sicque
1049 1772 1144 1837 etiam
1166 1771 1244 1855 ipse,
1272 1769 1422 1854 quemad·

223 1883 352 1949 modum
374 1886 457 1968 patri
479 1884 620 1970 contigit,
641 1902 737 1969 regno
760 1883 933 1967 privaretur
956 1883 1085 1948 collecta
1107 1883 1193 1949 curia
1215 1881 1247 1946 in
1268 1881 1350 1958 loco,
1373 1878 1426 1963 qui

223 1993 351 2060 lobwise
373 1995 499 2076 dieitur,
536 1993 590 2061 ubi
613 1998 644 2060 et
666 1995 761 2079 legati
783 1994 942 2059 Romanae
965 1993 1047 2058 sodis
1074 1995 1214 2073 aderant,
1248 1989 1424 2069 electiones,

225 2108 261 2170 ut
281 2105 502 2189 praediximus,
525 2108 619 2190 atque
641 2104 841 2170 investituras
864 2101 979 2170 liberas
1001 2105 1150 2170 ecclesiae
1172 2102 1302 2184 remisit,
1324 2099 1370 2180 ita
1391 2103 1428 2165 ut

226 2216 342 2280 electus
366 2216 414 2280 rel
435 2219 633 2282 consecratus
657 2217 695 2281 de
717 2233 813 2281 manu
834 2214 1032 2298 imperatoris
1059 2216 1108 2281 vel
1129 2216 1212 2300 regis
1233 2213 1350 2299 regalia
1372 2230 1428 2295 per

226 2329 383 2410 sceptrum
408 2326 570 2412 acciperet,
603 2329 687 2394 facto
715 2327 775 2393 sibi
800 2326 938 2392 hominio
968 2330 999 2392 et
1024 2326 1174 2393 fidelitate
1195 2328 1302 2412 jurata
1325 2327 1357 2390 et
1377 2324 1425 2388 ita

225 2435 329 2502 ablato
363 2437 502 2503 Burdinc
536 2440 574 2506 de
607 2441 709 2506 medic
743 2443 774 2505 et
805 2440 838 2505 in
866 2439 1101 2521 monasterium,
1142 2440 1224 2524 quod
1257 2438 1424 2517 careal)

226 2546 348 2628 dicitur,
371 2549 478 2630 misso,
505 2550 693 2636 imperatore
715 2569 838 2635 quoqne
861 2551 1024 2617 avincula
1047 2550 1255 2617 anathematis
1278 2551 1423 2618 absoluto

228 2673 290 2742 pax
312 2659 459 2726 ecclesiae
482 2661 540 2728 Dei
562 2661 682 2729 reddita
705 2659 793 2747 est.³)

684 3104 795 3171 cap.
814 3102 978 3159 xxxl.

556 3222 603 3293 lic
624 3223 862 3293 abominatione
885 3222 1104 3292 desolationis.

331 3408 423 3474 Nunc
448 3410 656 3476 reducendum
681 3412 714 3476 in
740 3411 925 3477 memoriam
958 3412 997 3477 ad
1027 3412 1099 3496 quid
1125 3411 1200 3478 haec
1222 3412 1260 3478 de
1282 3412 1431 3479 Heinrico

232 3521 343 3603 quarto
367 3521 398 3585 et
420 3520 527 3604 quinto
549 3521 698 3590 historico
719 3525 874 3591 scribendi
896 3525 988 3590 modo
1011 3525 1168 3609 prosecuti
1183 3525 1291 3591 simus.
1314 3526 1362 3591 De
1376 3523 1435 3590 ab·

233 3629 421 3696 ominatione
444 3631 556 3715 quippe
579 3634 780 3700 desolationis
803 3635 835 3700 in
856 3636 925 3700 loco
949 3640 1056 3702 sancto
1081 3638 1186 3702 stante
1207 3636 1346 3722 itemque
1367 3635 1435 3703 filio

232 3741 413 3824 perditionis
435 3741 467 3806 in
505 3746 606 3827 emplc
629 3746 688 3810 Dei
711 3746 837 3812 sedente
859 3745 909 3812 vel
931 3766 1055 3812 sessuro
1078 3746 1167 3813 nobis
1189 3747 1350 3831 inquisitio
1373 3751 1434 3814 est.

233 3851 293 3917 Sed
314 3869 370 3916 nec
392 3851 476 3920 aliud
499 3875 567 3922 esse
589 3856 855 3924 abominationem
872 3858 1072 3924 desolationis
1088 3859 1120 3923 in
1135 3859 1203 3924 loco
1219 3863 1327 3925 sancto
1344 3862 1432 3924 sten-

233 3967 307 4042 tem,
332 3980 426 4047 quam
447 3964 551 4049 ipsum
573 3986 643 4033 esse
665 3968 765 4034 filium
788 3969 969 4053 perditionis
996 3970 1166 4054 intemplo
1190 3970 1249 4037 Dei
1272 3971 1435 4037 sedentem

234 4073 416 4140 existimem.
442 4075 589 4161 Superior
613 4081 719 4144 autem
741 4080 841 4144 nostri
864 4080 1015 4146 sermonis
1039 4079 1190 4147 ordinatio
1213 4081 1259 4147 sic
1273 4082 1435 4166 prooessit,

338 4313 357 4384 ¹)
379 4316 435 4370 cod.
455 4315 574 4369 ciuitatis.

336 4414 357 4481 ¹)
376 4415 446 4481 apud
465 4415 606 4469 Salernum.

336 4509 357 4580 ⁸)
376 4511 440 4565 Item
459 4510 550 4567 Chrou.
570 4514 784 4576 Reichersb.,ad.
804 4527 828 4568 a.
851 4514 929 4568 1119.
