3172 5202
235 405 278 470 92

232 573 543 643 interdictum
566 574 848 640 sacrificare
870 575 1223 658 praesumere‚¹)
1255 589 1312 656 ego
1336 571 1434 637 talem

234 688 516 772 congregationem,
539 687 570 751 iu
594 704 654 768 qua
677 687 752 752 uitia
774 704 905 770 regnum
928 686 1077 765 obtinent,
1105 690 1187 752 reete
1209 685 1312 752 dicam
1334 701 1429 767 syna·

235 814 350 883 gogam
381 801 507 862 satanae
535 800 566 863 et
595 797 819 863 abominationi
842 797 1041 862 desolationis
1065 797 1165 881 magis
1189 814 1284 880 quam
1307 795 1432 863 Christo

233 909 266 974 in
288 910 387 973 semet
407 909 512 973 locum
532 907 697 993 praebere3
723 909 863 991 quamvis
886 926 947 972 non
969 925 1081 992 negem
1103 907 1134 970 in
1157 907 1201 971 eis
1224 907 1355 991 aliquos,
1380 905 1434 989 qui
1569 987 1570 992 ἵ

234 1021 320 1086 uelut
340 1019 422 1085 Loth
442 1021 476 1084 in
499 1019 642 1084 Sodomis
672 1019 747 1084 vitia
777 1024 807 1085 et
837 1019 1020 1083 vitiosorum
1050 1019 1205 1083 consortia
1227 1020 1322 1101 atque
1345 1035 1432 1083 com·
1569 1089 1570 1096 ἵ

235 1129 413 1196 munionem
435 1131 570 1194 maxime
592 1131 623 1195 in
646 1130 756 1195 officiis
779 1130 951 1194 interdictis
975 1130 1167 1196 declinantes
1192 1130 1261 1194 odia
1284 1128 1344 1194 sibi
1366 1147 1433 1214 per·

236 1240 298 1305 dite
322 1239 494 1306 viventium
516 1242 668 1306 monendo
700 1245 731 1306 et
760 1242 917 1324 arguendo
940 1240 1147 1308 consciscunt.
1191 1240 1234 1305 Hi
1254 1258 1328 1324 ergo
1350 1242 1434 1304 tam·

235 1369 330 1436 quam
352 1354 434 1420 ciues
449 1353 625 1421 Jerusalem
647 1352 678 1416 in
701 1353 862 1437 Babylone
884 1355 967 1432 suut,
991 1353 1072 1419 sicut
1088 1372 1104 1418 e
1119 1355 1227 1418 contra
1242 1352 1309 1417 fieri
1325 1357 1433 1438 potest

237 1465 269 1528 et
289 1463 335 1542 fit,
358 1466 394 1527 ut
415 1465 448 1529 in
468 1462 547 1528 bene
570 1463 718 1528 ordinatis
742 1463 898 1552 coenobiis
921 1469 1083 1547 tamqmm
1104 1465 1137 1528 in
1151 1464 1329 1531 Jerusalem
1343 1465 1427 1530 cives

234 1574 403 1659 Babylonis
418 1593 480 1639 non
495 1575 635 1656 desinas)
648 1574 712 1642 Sed
726 1577 791 1640 Deo
807 1573 930 1640 fauente
944 1574 1038 1640 libere
1051 1576 1114 1642 illio
1128 1593 1219 1660 agere
1234 1577 1266 1639 et
1280 1573 1434 1639 dominari

234 1703 296 1751 non
317 1690 460 1770 possunt.
493 1685 641 1771 Alioquin
671 1687 743 1752 talis
771 1688 881 1752 domus
912 1687 1087 1753 Jerusalem
1115 1705 1183 1753 csse
1212 1686 1374 1765 desineret,
1399 1685 1433 1750 in

236 1815 297 1878 qua
319 1797 395 1862 uitia
415 1801 445 1862 et
467 1798 571 1863 vitiosi
593 1797 736 1864 libertate
758 1799 807 1864 rel
830 1799 965 1864 dominio
988 1799 1172 1883 potirentur.

700 2186 811 2253 (sap.
830 2184 966 2240 XLV.

234 2310 281 2379 lle
313 2311 549 2381 abominatione
581 2309 789 2380 desolationis
822 2308 947 2398 quando
983 2309 1017 2376 in
1050 2306 1169 2395 templo
1201 2304 1366 2375 materiali
1400 2306 1434 2373 et

609 2421 775 2510 spirituali
798 2423 886 2490 stare
908 2418 1061 2508 coeperit.

334 2609 375 2674 lca
397 2609 469 2694 quia
491 2612 590 2676 multa
613 2611 650 2677 de
673 2627 894 2695 sexagenorum
922 2605 1098 2672 cubitorum
1129 2603 1293 2669 altitudine
1315 2601 1428 2689 templi

235 2718 293 2785 snb
314 2721 466 2805 regalium
488 2739 562 2788 oum
584 2721 800 2789 ecclesiasticis
823 2718 1026 2806 permixtione
1043 2718 1198 2802 simulque
1215 2717 1327 2803 regalis
1342 2715 1428 2782 nlius

236 2832 360 2916 regulae
372 2836 480 2899 contra
491 2835 702 2918 euangelicam
716 2831 940 2919 perfectionem
955 2830 1128 2897 adulterina
1143 2828 1431 2915 superordinatione

235 2941 333 3008 locuti
356 2961 474 3024 sumus,
506 2944 619 3029 quibus
642 2944 792 3009 nimirum
820 2942 1043 3008 abominationi
1065 2939 1264 3007 desolationis
1287 2940 1375 3005 locus
1397 2937 1431 3003 in

235 3053 364 3120 ecclesia
386 3054 444 3120 Dei
465 3057 666 3139 praeparatus
682 3058 739 3136 est,
763 3073 844 3121 nunc
858 3054 1036 3138 diligentins
1051 3053 1285 3139 pervidendum,
1309 3049 1431 3135 quaudo

233 3163 423 3231 abominatio
439 3166 648 3248 desolationis,
672 3184 751 3250 quae
772 3166 855 3233 diota
879 3169 928 3231 eet
949 3164 1111 3230 aDeniele
1132 3162 1284 3250 propheta
1307 3162 1341 3228 in
1361 3163 1432 3228 loco
1569 3141 1570 3196 l

234 3279 341 3342 sancto
364 3278 447 3343 stare
470 3277 616 3362 coeperit,
638 3278 738 3361 primo
760 3276 904 3342 videlicet
920 3276 954 3341 in
969 3277 1088 3361 templo
1104 3273 1258 3340 materiali
1273 3273 1431 3360 positione
1569 3335 1570 3360 ἶ

234 3386 309 3452 idoli
330 3387 510 3469 materialis,
540 3389 594 3454 sed
622 3388 729 3474 typica
758 3387 868 3453 deinde
888 3386 921 3452 in
943 3386 1059 3470 templo
1083 3385 1249 3471 spirituali,
1278 3384 1360 3470 qnod
1382 3389 1432 3450 est

234 3499 364 3564 ecclesia
379 3499 581 3583 spiritualiter
594 3503 651 3585 per
665 3498 840 3565 haeresium
855 3517 891 3565 ac
907 3498 1113 3564 schismatum
1127 3499 1281 3578 auctores,
1298 3513 1431 3580 quorum
1569 3479 1570 3518 r

233 3607 457 3676 abominandae
485 3630 636 3696 personae
664 3611 697 3678 in
725 3611 992 3678 abominationem
1017 3609 1219 3677 desolationis
1241 3607 1430 3692 reputandae

235 3721 368 3786 suntad
391 3723 691 3788 consummationem
723 3721 864 3806 mysterii
893 3721 1077 3806 iniquitatis.
1116 3719 1226 3787 Palem
1247 3720 1361 3805 quippe
1383 3719 1432 3786 est

234 3828 427 3896 Antiochum
463 3832 646 3918 Epiphauen
678 3834 781 3918 primo
810 3833 1052 3900 abominandum
1085 3831 1284 3898 desolationis
1313 3831 1432 3898 idolum

236 3942 451 4008 manufactum
486 3944 518 4008 iu
552 3945 667 4028 templo
695 3945 923 4030 Hierosolymis
947 3944 1132 4025 collocasse,
1166 3942 1249 4028 quod
1271 3941 1365 4008 etiam
1386 3941 1432 4008 ibi

233 4071 288 4138 per
310 4056 373 4120 tres
394 4054 533 4138 integros
556 4054 685 4121 durasse
715 4073 812 4121 annos
835 4076 870 4122 ex
892 4055 1046 4122 chronicis
1068 4055 1235 4141 colligitur.
1271 4053 1361 4121 Unde
1382 4053 1430 4120 vir

234 4163 364 4230 illustris
386 4164 595 4249 Hieronymus
612 4182 770 4262 exponens
798 4163 876 4230 illud
905 4164 994 4250 apud¹
1009 4163 1171 4230 Danielem
1203 4183 1346 4249 usque
1379 4164 1430 4230 ad

237 4307 484 4318 ———.

337 4355 344 4386 ¹
375 4349 398 4406 1.
418 4367 446 4404 re
466 4393 471 4406 .
494 4350 536 4407 15.
555 4351 599 4407 23.

334 4355 355 4520 ’ζ
376 4369 496 4506 conhgde
514 4451 594 4504 aedil.
614 4450 663 4503 Dei
681 4465 736 4517 cap.
756 4447 782 4504 2.
802 4450 835 4503 de
854 4449 909 4504 diff.
922 4448 1018 4505 Glarioi
1035 4466 1090 4518 reg.
1110 4457 1136 4504 et
1155 4466 1223 4507 saec.
1242 4452 1295 4508 Pez
1313 4453 1427 4508 thesaur.

377 4549 467 4604 meod.
479 4545 516 4604 11.
525 4551 551 4606 2.
560 4548 679 4606 soleta
692 4551 779 4604 Traet.
790 4549 824 4603 ed
836 4551 929 4606 Simon.
943 4551 1063 4605 Malene
1071 4550 1228 4607 Thesaurus.
1240 4552 1273 4608 V.
1282 4551 1336 4608 nol.
1349 4549 1430 4606 1496.
