3172 5202
1262 459 1323 540 155

119 647 218 729 queat
239 642 340 708 tristis
365 644 397 708 et
417 641 595 725 inopinatus
619 644 757 707 eventus.
779 638 892 706 Omnia
914 639 1048 708 faciebat
1069 640 1204 708 Domino
1227 644 1329 729 impe·

118 757 221 835 rante,
243 751 378 820 Domino
402 755 585 836 cooperante
609 745 742 835 etopus
767 751 971 818 confirmante
993 751 1196 836 sequentibus
1220 755 1328 840 signis.

120 865 187 932 Sed
206 865 343 950 populus
357 855 426 944 ille,
460 864 574 947 inquis,
591 857 593 862 ’
608 865 703 929 durae
736 863 864 929 cervicis
887 863 957 944 fuit,
995 884 1116 949 semper
1135 868 1329 934 contentiose

121 995 220 1062 agens
243 980 352 1042 contra
373 976 545 1042 Dominum
568 979 599 1042 et
622 975 754 1058 Moysen
777 977 903 1041 serv'um
925 975 1002 1059 ejus.
1041 977 1135 1064 Bene.
1174 979 1329 1045 lncreduli

119 1088 168 1153 illi
193 1091 225 1154 et
246 1087 386 1155 rebelles.
410 1089 453 1154 Hi
474 1092 580 1154 autem
603 1089 700 1172 quid?
735 1089 825 1171 Ipsos
843 1087 1015 1173 interroga.
1053 1089 1135 1171 Quid
1157 1110 1208 1155 me
1230 1089 1330 1157 dicere

117 1220 203 1285 opus
226 1205 275 1266 est
298 1201 380 1285 quod
402 1201 541 1268 fatentur
555 1177 625 1284 ipsi.
647 1200 725 1265 Dico
749 1200 833 1266 enlm
856 1219 970 1266 unum:
994 1202 1075 1284 Quid
1098 1205 1242 1284 poterant
1256 1222 1331 1286 pro·

116 1313 215 1379 ficere
238 1312 291 1396 qui
314 1330 436 1397 semper
458 1310 692 1378 revertebantur
715 1329 787 1375 cum
809 1308 1033 1376 ambularent?
1071 1313 1200 1395 Quando
1224 1315 1255 1377 et
1276 1313 1330 1377 isti

115 1444 179 1508 per
199 1425 300 1489 totam
322 1423 422 1488 vitam
444 1440 506 1487 non
528 1422 687 1488 redierunt
708 1422 800 1486 corde
821 1421 854 1484 in
877 1421 1082 1507 Aegyptum?
1105 1424 1193 1507 Quod
1209 1425 1237 1489 si
1251 1424 1331 1490 ceci·

117 1533 310 1601 denuntiati
333 1537 363 1599 et
385 1534 545 1619 perierunt
578 1534 704 1616 propter
736 1532 933 1616 iniquitatem
966 1552 1057 1599 suam
1078 1535 1230 1600 miramur
1251 1535 1330 1601 istos

118 1647 233 1714 eadem
254 1645 402 1712 facientes
425 1647 533 1712 eadem
565 1645 700 1729 passos?
745 1644 805 1711 Sed
828 1645 979 1728 numquid
1012 1647 1139 1711 illorum
1162 1655 1252 1713 casus
1276 1651 1331 1713 ad·

116 1777 231 1824 versus
254 1757 410 1841 promissa
432 1757 515 1822 Dei?
551 1757 634 1841 Ergo
658 1774 715 1821 nee
735 1757 880 1821 istorum.
924 1755 1034 1840 Neque
1057 1758 1139 1822 enim
1162 1759 1328 1843 aliquando

119 1869 349 1955 promissiones
373 1869 432 1935 Dei
449 1869 592 1952 justitiae
615 1868 674 1934 Dei
696 1867 918 1952 praejudicant.
943 1869 984 1934 Et
1002 1867 1076 1934 audi
1097 1870 1191 1936 aliud.
1216 1869 1331 1935 Pecca-

118 1981 170 2046 vit
190 1981 365 2065 Benjamin,
399 1981 604 2064 accinguntur
637 1981 775 2064 reliquae
808 1977 910 2045 tribus
943 1981 983 2045 ad
1012 1981 1165 2046 ultionem
1186 2001 1242 2047 nee
1266 1982 1331 2046 sine

119 2093 204 2158 nutu
224 2091 294 2160 Dei.
316 2092 457 2176 Denique
479 2091 546 2176 ipse
568 2091 739 2176 disignavit
754 2091 865 2156 ducem
881 2091 1088 2175 praeliaturis.
1109 2093 1220 2176 Itaque
1242 2112 1333 2177 proe-

119 2202 242 2268 liantur
275 2201 348 2269 freti
381 2207 413 2269 et
445 2221 541 2269 manu
574 2203 716 2270 validiori
739 2207 770 2268 et
792 2221 886 2269 causa
918 2205 1090 2287 potentiori
1124 2209 1155 2271 et
1178 2207 1260 2290 quod
1282 2205 1331 2272 his

120 2313 227 2399 majus
250 2317 299 2381 est
321 2314 427 2381 favore
449 2317 564 2382 divino.
588 2316 633 2381 At
648 2332 742 2398 quam
758 2312 906 2380 terribilis
923 2315 1007 2381 Deus
1022 2316 1055 2382 in
1077 2315 1215 2382 consiliis
1239 2336 1333 2403 super

120 2425 207 2492 filios
229 2424 402 2493 homiuum.
440 2427 541 2512 Terga
563 2427 673 2492 dedere
696 2425 854 2491 sceleratis
877 2427 995 2492 ultores
1019 2427 1154 2508 sceleris,
1178 2429 1332 2511 pauciori·

121 2537 183 2604 bus
207 2538 320 2622 plures.
343 2537 404 2606 Sed
419 2539 584 2604 recurrunt
598 2537 636 2601 ad
652 2537 824 2602 Dominum
846 2541 877 2601 et
899 2536 1052 2602 Dominus
1073 2539 1113 2603 ad
1135 2557 1206 2604 eos:
1228 2557 1332 2604 ascen-

122 2650 200 2730 dite,
224 2648 335 2734 iuquit.
379 2649 600 2716 Ascenderunt
621 2649 731 2729 denuo,
770 2649 931 2732 denuoque
964 2648 1029 2713 fusi
1051 2651 1082 2713 et
1105 2647 1226 2714 confusi
1249 2653 1332 2716 sunt.

121 2762 175 2829 Ita
196 2760 263 2827 Deo
281 2761 419 2845 primum
442 2761 569 2844 quidem
590 2760 732 2841 favente,
757 2760 890 2826 secundo
915 2762 946 2824 et
963 2759 1093 2844 jubente
1111 2759 1191 2844 justi
1208 2759 1332 2844 justum

122 2875 284 2940 certamen
307 2873 415 2938 ineunt
436 2875 476 2938 et⁴
491 2909 532 2920 —-
555 2869 772 2937 succumbunt.
814 2871 874 2938 Sed
898 2889 958 2955 quo
981 2870 1150 2936 certamine
1171 2870 1333 2938 inferiores

123 3002 159 3049 eo
182 2982 245 3048 fide
267 2983 444 3069 superiores
466 2985 584 3050 inventi
606 2985 689 3050 sunt.
708 2983 789 3067 Quid
810 2986 904 3068 putas
927 2981 1065 3048 facerent
1086 2982 1124 3048 de
1146 3001 1196 3049 me
1217 2983 1281 3065 isti,
1306 2983 1333 3050 si

124 3114 197 3162 meo
219 3096 347 3163 hortatu
368 3097 503 3162 interato
527 3095 737 3178 ascenderent,
760 3098 872 3162 iterato
896 3093 1159 3161 succumberent?
1203 3096 1333 3178 Quando

123 3227 176 3273 me
198 3207 342 3274 audirent
375 3211 553 3274 monentem
589 3209 681 3274 tertio
715 3211 855 3294 repetere
888 3207 958 3288 iter,
982 3210 1121 3291 repetere
1145 3227 1234 3293 opus,
1261 3221 1334 3273 cum

125 3320 224 3386 semel
241 3318 310 3403 jam
333 3321 365 3386 et
387 3319 522 3385 seeundo
542 3319 687 3386 frustrati
709 3319 837 3385 forent?
859 3318 901 3384 llt
923 3321 1028 3383 tamen
1051 3315 1214 3386 israelitae
1240 3339 1334 3386 unam

125 3435 158 3498 et
180 3432 313 3498 alteram
332 3451 395 3499 non
417 3436 598 3517 reputantes
621 3431 858 3499 frustrationem
879 3432 973 3497 tertio
995 3435 1107 3515 parent
1126 3434 1158 3497 et
1177 3435 1333 3515 superant.

126 3543 190 3610 Sed
223 3544 332 3610 dicunt
365 3543 497 3611 forsitan
529 3544 601 3611 isuiz
645 3545 734 3612 Unde
757 3545 884 3624 scimus,
917 3543 1000 3626 quod
1023 3559 1041 3607 a
1062 3541 1198 3607 Domino
1233 3559 1334 3606 sermo

127 3673 271 3740 egressus
294 3655 358 3722 siti
380 3658 466 3740 Quae
488 3657 578 3742 signa
600 3660 636 3723 tu
658 3657 735 3722 facis
759 3658 795 3722 ut
818 3656 980 3722 credemus
997 3653 1080 3720 tibio
1100 3653 1173 3719 Non
1189 3655 1335 3737 estquod

126 3767 194 3850 ipse
216 3766 256 3830 ad
277 3766 340 3832 ista
361 3768 575 3851 respondeam,
598 3769 789 3853 parcendum
811 3767 1014 3834 verecundiae
1036 3783 1133 3832 meae.
1170 3763 1335 3849 Responde

129 3881 165 3946 tu
185 3899 246 3967 pro
268 3899 319 3946 me
342 3883 374 3947 et
394 3898 454 3964 pro
477 3878 599 3965 teipso
623 3883 654 3945 et
677 3879 848 3945 secundum
869 3895 915 3958 ea,
939 3896 1018 3962 quae
1039 3877 1156 3943 audisti
1177 3883 1209 3943 et
1230 3878 1335 3944 vidisti

128 3994 184 4057 aut
204 3993 290 4057 certe
314 3991 485 4057 secundum
509 3991 591 4075 quod
609 3990 808 4074 inspiraverit
829 3991 925 4056 Deus.
949 3987 1012 4056 Sed
1035 3989 1116 4054 forts
1138 3989 1262 4054 mireris
1285 4009 1335 4054 me

128 4101 277 4187 prosequi
298 4101 362 4168 iste
384 4101 437 4187 qui
459 4102 544 4169 aliud
566 4122 797 4188 proposueram.
833 4103 927 4170 Facio
949 4121 1011 4166 non
1034 4100 1149 4167 oblitus
1172 4100 1335 4186 propositi,

129 4213 184 4280 sed
206 4213 290 4299 quod
310 4230 331 4278 a
349 4213 508 4298 proposito
528 4233 589 4280 non
608 4216 747 4301 judicem
769 4215 917 4281 ebenum.
959 4214 1082 4299 Nempe
1101 4213 1139 4279 de
1162 4211 1335 4278 considera·

130 4321 224 4404 tione,
247 4326 284 4391 ut
305 4325 443 4410 memini,
468 4345 570 4393 sermo
593 4328 670 4394 mihi
702 4330 742 4394 ad
775 4331 864 4395 tuam
894 4327 1106 4414 dignationem
1139 4329 1188 4392 est
1208 4328 1241 4391 et
1261 4341 1336 4390 saue

131 4451 245 4519 magua
263 4436 326 4502 ista
348 4456 397 4504 res
420 4440 453 4504 et
475 4457 568 4525 egens
591 4439 837 4507 consideratione
858 4458 922 4506 nou
944 4438 1084 4506 minima.
1123 4435 1214 4522 Quod
1235 4433 1263 4501 si
1284 4453 1335 4502 res

131 4561 261 4631 magnas
283 4564 302 4612 a
323 4550 446 4637 magnis
470 4550 658 4618 considerari
681 4553 814 4638 oportet,
827 4551 878 4619 eui
898 4570 995 4637 aeque
1016 4553 1054 4617 ut
1073 4550 1106 4616 id
1129 4546 1226 4616 studii
1250 4564 1337 4614 corn·
