3168 5190
254 416 317 480 272

254 604 310 652 sua
333 585 505 652 concedunt
529 583 737 651 rationalitate
770 601 838 648 esse
860 585 1009 649 rationale
1031 586 1117 650 nulla
1139 587 1286 670 apposita
1308 588 1463 653 determi-

255 697 407 762 natione?
432 695 530 774 Vesti,
553 696 598 760 ait
619 695 805 760 Ambrosius
827 695 860 759 in
881 693 1011 775 Lucam,
1035 698 1071 760 tu
1093 714 1216 761 earnem
1239 697 1356 764 Christi
1378 699 1464 763 diri-
1574 765 1575 778 ,

252 809 350 872 nitate
366 825 431 873 sua.
448 806 493 870 At
508 806 562 870 isti
581 806 740 873 Chamitae
757 823 880 870 earnem
899 806 1016 872 Christi
1032 824 1087 871 sua
1103 807 1264 872 divinitate
1280 808 1462 874 devestiunt

254 921 285 983 et
308 918 397 1001 quasi
420 920 535 983 nudam
570 918 749 982 nuntiantes
771 917 906 982 irrisioni
929 921 960 982 et
983 920 1174 1002 contemptui
1197 923 1361 1002 exponunt.
1407 917 1460 985 Tu

252 1046 324 1092 vero
348 1046 426 1111 quae
449 1028 535 1094 Deus
558 1026 805 1111 inseparabiliter
835 1027 995 1110 conjunxit
1016 1029 1080 1093 noli
1102 1029 1245 1095 humanis
1269 1029 1359 1112 quasi
1380 1030 1462 1094 rati·
1574 1039 1575 1086 ἑ

252 1141 372 1205 unouhs
404 1141 482 1204 velle
510 1157 660 1222 separare.
705 1140 751 1204 Ex
773 1158 834 1221 qm
857 1139 940 1204 enim
978 1157 1049 1204 earo
1074 1140 1189 1206 Christi
1218 1142 1318 1205 semel
1340 1140 1461 1207 Christi
1574 1175 1575 1230 l

252 1269 322 1315 earo
356 1270 425 1316 esse
447 1251 550 1336 eoepit
572 1251 604 1315 id
627 1251 710 1334 quod
742 1249 826 1314 facta
850 1253 881 1315 et
903 1252 976 1315 nata
999 1253 1048 1318 est
1080 1270 1142 1316 non
1175 1266 1245 1316 esse
1277 1268 1339 1315 non
1362 1251 1459 1316 valet.
1574 1271 1575 1300 t

252 1359 303 1426 Ad
337 1363 395 1426 hoo
428 1380 487 1426 usu
519 1362 598 1428 saeri
631 1362 746 1444 eloquii
779 1361 942 1426 didicimus
971 1360 1129 1427 Christum
1164 1361 1196 1425 in
1228 1361 1328 1426 tribus
1363 1361 1461 1426 simul
1574 1331 1575 1370 F

253 1471 405 1551 essentiis,
439 1472 541 1537 Verbo
575 1472 719 1537 videlieet
752 1472 855 1536 anima
878 1475 909 1536 et
932 1491 1070 1555 eorpore,
1102 1472 1260 1536 Christum
1283 1474 1315 1535 et
1335 1470 1369 1535 in
1391 1471 1461 1535 sin·
1574 1503 1575 1508 κ

253 1584 334 1667 gulis
356 1584 502 1666 aeoipore.
530 1585 604 1666 Quis
628 1585 708 1649 enim
731 1587 824 1668 neget
847 1601 970 1648 earnem
984 1583 1100 1649 Christi
1123 1582 1323 1665 singulariter
1345 1581 1463 1646 divini-

253 1700 317 1761 tate
333 1702 460 1763 unetam
476 1699 507 1761 et
522 1695 752 1762 vivificatricem
767 1713 890 1778 unaque
905 1714 977 1760 oum
992 1695 1096 1761 Verbo
1112 1696 1292 1761 adoratione
1306 1714 1460 1760 veneran-

253 1807 324 1871 dam
337 1827 404 1872 esse
417 1808 599 1874 Christum?
622 1807 697 1890 Quis
722 1807 817 1872 eliam
841 1805 1084 1872 animamillam
1108 1807 1263 1890 singulare
1286 1807 1461 1872 divinitatis

253 1917 464 1984 habitaculum
486 1920 518 1983 et
540 1936 619 2001 quae
640 1937 702 1983 nou
725 1919 855 1984 divisiva
877 1919 979 2002 gratia
1002 1918 1145 2000 spiritum
1168 1919 1223 1982 sed
1238 1917 1464 2000 absque-men·

254 2050 326 2102 sura
347 2031 466 2113 aceepit
489 2046 627 2112 quaeque
646 2030 714 2112 ipso
737 2029 840 2095 Verbo
863 2031 922 2094 Dei
941 2027 1189 2094 substantialiter
1212 2049 1246 2093 se
1263 2027 1463 2092 inhabitante

255 2143 375 2224 sapiens
399 2141 449 2218 sit,
465 2141 543 2223 quis,
566 2141 704 2222 inquam,
728 2159 796 2206 eam
818 2145 911 2225 neget
926 2160 994 2206 esse
1010 2140 1193 2206 Christum?
1216 2138 1355 2204 Verbum
1378 2159 1460 2222 quo-

255 2273 313 2336 que
345 2252 448 2334 ipsum
485 2251 566 2332 quod
588 2249 735 2315 wanimam
767 2252 854 2315 illam
891 2255 1031 2315 sanatam
1054 2253 1085 2314 et
1108 2269 1233 2316 caruem
1254 2250 1462 2333 personaliter

254 2362 315 2428 sibi
335 2362 442 2442 univit,
479 2360 547 2443 quis
569 2364 697 2445 propter
720 2363 873 2427 unitatem
895 2357 1044 2444 personae
1067 2359 1228 2425 Christum
1251 2364 1344 2444 neget
1367 2363 1463 2426 esse?

253 2474 334 2538 Hine
357 2472 438 2538 enim
461 2475 630 2538 seeundum
654 2474 825 2557 scripturas
849 2473 979 2537 dieimus
993 2468 1151 2538 Christum
1174 2471 1353 2536 oruoifixum
1376 2489 1463 2535 mor·

254 2589 343 2650 tuum
366 2586 397 2648 et
419 2585 588 2667 sepultum,
610 2601 680 2647 eum
701 2586 806 2648 tamen
828 2584 928 2648 erneis
952 2583 1051 2648 tensio
1076 2587 1107 2647 et
1129 2583 1211 2660 fixio,
1235 2601 1319 2647 mors
1337 2600 1460 2664 quoque

255 2701 286 2763 et
308 2698 468 2781 sepultura
489 2695 634 2778 propriae
656 2695 756 2759 earnis
781 2711 842 2759 non
860 2695 954 2759 etiam
970 2693 1091 2758 animae
1106 2699 1161 2758 arrt
1176 2693 1270 2759 Verbi
1292 2693 1457 2777 passiones

254 2808 430 2874 extiterunt.
475 2803 632 2882 Nolito,
659 2806 705 2870 ait
727 2806 893 2884 Dominus,
918 2808 1051 2870 timere
1074 2824 1151 2887 eos,
1177 2804 1243 2888 qui
1266 2803 1462 2869 oeeidunt

256 2937 415 3002 eorpus,
451 2915 614 2980 animam
643 2917 768 2980 autem
796 2935 872 2980 non
898 2922 1071 3002 possunt
1101 2914 1333 3002 occidero.¹)
1377 2915 1460 2979 Item

253 3030 380 3112 propter
408 3029 560 3093 unitatem
582 3044 731 3109 personae
754 3025 913 3092 Christum
941 3029 1110 3094 seeundum
1134 3028 1302 3109 scripturas
1325 3028 1460 3094 dioimus

255 3140 294 3203 ad
317 3139 453 3203 infernos
476 3139 671 3204 desoerldisse
703 3158 773 3202 oum
796 3139 899 3203 anima
922 3141 988 3204 sola
1010 3139 1212 3218 descenderit,
1236 3158 1309 3204 nam
1332 3157 1403 3204 earo
1428 3141 1461 3204 in

255 3251 421 3335 sepulchro
442 3249 550 3334 jacuit,
574 3250 718 3314 divinitas
741 3253 846 3314 autem
857 3249 952 3315 Verbi
973 3268 1036 3314 non
1058 3251 1132 3316 illue
1155 3252 1314 3317 deseendit
1337 3252 1391 3316 sed
1414 3250 1463 3315 ibi

255 3362 325 3428 fuit.
349 3360 400 3427 sie
422 3366 528 3426 autern
548 3364 579 3426 et
600 3362 686 3444 loqui
709 3362 845 3426 solemus
877 3361 980 3445 aliquo
1012 3365 1160 3445 tangente
1183 3381 1295 3446 eorpus
1314 3364 1460 3426 nostrum

255 3474 305 3538 vel
327 3474 464 3538 oaloante
485 3473 597 3556 pedem
619 3475 746 3554 propter
768 3473 919 3537 unitatem
942 3491 1092 3555 personae
1114 3476 1149 3538 ut
1171 3474 1308 3537 dieamus
1324 3471 1461 3556 tetigisti

256 3587 304 3650 vel
326 3584 453 3650 oaloasti
475 3604 534 3649 me.
558 3582 609 3648 Sia
627 3583 721 3647 etiam
739 3583 766 3647 si
781 3584 884 3648 anima
899 3584 1067 3667 sapientiae
1090 3585 1230 3649 doctrina
1252 3603 1306 3666 per
1320 3583 1459 3666 aliquem

255 3696 414 3761 imbuatur
447 3698 532 3759 totus
567 3694 660 3760 homo
684 3714 717 3759 se
739 3693 882 3778 perhibet
915 3695 1113 3760 instructum.
1157 3697 1197 3760 llt
1216 3695 1309 3759 homo
1333 3692 1459 3776 sapiens

255 3805 368 3870 dieitur
400 3809 528 3890 propter
561 3806 736 3890 sapientem
758 3806 894 3870 animam
918 3807 949 3870 et
970 3806 1059 3870 albus
1082 3809 1167 3870 totus
1190 3807 1319 3889 propter
1342 3823 1459 3888 eorpus

256 3919 371 3983 album.
395 3916 532 3982 Persona
548 3920 629 3983 enim
649 3937 720 3982 eum
738 3918 779 3982 sit
794 3937 855 3982 una
870 3920 1038 4001 utrumqne
1053 3918 1228 4002 participat,
1253 3918 1335 4000 quod
1351 3920 1460 3982 tamen

256 4027 395 4112 eorporis
419 4030 467 4093 vel
489 4031 609 4094 animae
632 4031 728 4095 solius
751 4030 873 4113 propris
896 4028 997 4095 lorma
1019 4032 1074 4094 est.
1104 4027 1171 4092 Neo
1193 4029 1307 4093 mirum
1329 4046 1403 4093 oum
1426 4032 1458 4094 et

257 4144 342 4206 totus
375 4140 468 4206 homo
489 4159 617 4224 eorpus
640 4142 688 4206 vel
710 4158 781 4205 earo
805 4143 836 4205 et
859 4141 943 4205 totus
977 4141 1132 4203 interdum
1154 4142 1280 4226 propter
1301 4139 1459 4224 potiorem

257 4251 306 4318 sui
329 4249 535 4318 substantiam
558 4253 607 4318 vel
628 4255 749 4335 partem
770 4251 874 4316 anima
896 4250 957 4315 diei
979 4250 1087 4316 soleat.
1110 4250 1301 4316 Consuetum
1319 4269 1456 4336 namque

360 4491 379 4563 ι)
397 4495 480 4549 moa.
501 4493 544 4550 ne.
563 4492 608 4547 aa.
