3158 5212
1290 381 1331 446 27

120 550 246 636 effigiat
268 553 318 616 vel
339 548 464 616 exhibet
485 570 519 614 se
540 551 655 635 ipsum.
701 548 854 615 Exhibent
874 551 1036 636 praetereo
1070 550 1279 635 imaginaliter
1304 556 1336 617 et

121 665 292 731 salvatoris
325 663 474 729 infantiae
496 661 658 743 cunabula,
681 662 805 748 parvuli
826 662 977 746 vagitum,
1012 680 1183 747 puerperae
1205 663 1334 748 virginis

120 776 334 840 matronalem
355 773 507 853 habitum,
542 775 651 840 stellae
685 774 773 857 quasi
796 773 881 838 eidus
904 772 1144 857 flammigerum,
1176 774 1333 840 infantum

120 905 243 967 nesam,
278 890 456 952 maternum
487 885 632 950 Rachelis
665 886 834 971 ploratum.
879 883 939 950 Sed
961 883 1107 950 divinitas
1140 885 1269 971 insuper
1302 889 1334 951 et

119 1002 250 1064 matura
273 997 368 1064 facies
392 998 539 1065 eeclesiae
553 994 700 1062 abhorret
723 997 902 1082 spectacula
925 995 1100 1079 theatralia,
1122 1015 1184 1062 non
1206 998 1334 1083 respicit

119 1111 155 1174 in
177 1109 333 1174 vanitates
367 1110 400 1173 et
420 1107 556 1173 insanias
580 1105 686 1186 falsae,
725 1107 821 1186 immo
855 1125 917 1172 non
950 1105 1046 1171 falsas
1081 1108 1135 1172 sed
1152 1107 1222 1191 jam
1243 1128 1332 1175 voras

118 1220 272 1299 insanias,
288 1219 320 1283 in
342 1218 456 1306 quibus
479 1219 537 1284 viri
560 1221 644 1283 totos
668 1238 701 1283 se
723 1217 874 1301 frangunt
894 1217 927 1281 in
949 1217 1080 1282 feminas
1105 1220 1193 1302 quasi
1215 1220 1332 1305 pudeat

121 1352 188 1416 eos,
225 1335 307 1419 quod
329 1331 388 1397 riri
411 1333 494 1410 sunt,
528 1329 632 1395 elerici
653 1329 686 1392 in
708 1328 834 1409 milites,
868 1329 1009 1395 homines
1032 1349 1066 1395 se
1087 1330 1120 1395 in
1142 1330 1330 1397 daemonum

120 1446 228 1511 larvas
252 1442 488 1528 transfigurant.
521 1441 668 1523 Dumque
689 1440 869 1524 hujusmodi
892 1441 1045 1507 vanitates
1069 1447 1100 1506 et
1122 1443 1261 1508 insaniae
1282 1460 1333 1509 sa·

121 1559 360 1622 stramentorum
381 1549 680 1632 daemoniacorum)
706 1549 961 1617 celebrandorum
982 1553 1059 1618 loeis
1083 1556 1115 1618 et
1136 1551 1331 1638 temporibus

121 1685 157 1732 se
178 1666 343 1750 ingerunt,
377 1663 466 1747 quasi
487 1662 751 1730 abominationem
783 1665 983 1731 desolationis
1007 1667 1040 1731 in
1062 1669 1130 1733 looo
1153 1672 1260 1734 saneto
1285 1667 1332 1732 vi·

121 1777 197 1844 dere
218 1779 276 1843 ost.
321 1775 420 1848 Paulo
454 1776 557 1842 minus
593 1777 676 1842 enim
709 1779 802 1862 turpe
838 1780 886 1842 ost
909 1775 1021 1843 faeiem
1045 1779 1192 1844 eoolesiae
1214 1777 1330 1844 talibus

120 1889 299 1955 vanitatum
331 1888 518 1973 spectaculis
553 1887 739 1954 christianos
761 1887 894 1968 foedare,
930 1906 1023 1971 quam
1057 1889 1133 1954 olim
1153 1890 1187 1954 in
1210 1891 1328 1975 templo

118 1998 216 2066 fuerit
237 1999 390 2084 imagines
414 1999 480 2084 Oaji
503 1999 643 2066 Caesaris
664 2000 796 2084 gentiles
819 1999 961 2065 intulisse
983 2000 1032 2064 vel
1054 1999 1202 2066 Pilatum.
1236 1999 1280 2065 At
1302 1999 1329 2066 si

122 2113 193 2197 quis
214 2112 371 2198 parietem
392 2111 473 2178 hano
496 2109 595 2176 fodiat
617 2115 649 2176 et
669 2113 829 2177 lucernam
844 2111 1039 2195 evangelicae
1054 2111 1330 2178 animaduersionis

120 2225 290 2288 admoveat
310 2222 429 2289 videbit
458 2227 543 2289 serto
564 2222 810 2289 abominationes
833 2221 967 2306 majores
987 2223 1047 2288 his.
1091 2222 1175 2288 Nam
1199 2223 1274 2288 dum
1296 2223 1330 2288 in

124 2334 305 2420 semetipsis
328 2337 483 2421 templum
510 2334 569 2400 Dei
602 2336 728 2416 violant,
774 2335 850 2400 dum
868 2331 1010 2399 membra
1043 2352 1100 2400 sua
1136 2335 1201 2401 Deo
1225 2335 1329 2401 ditata

124 2445 492 2532 Beelfegoroonsoorant,
516 2446 590 2511 dum
613 2446 799 2530 mysterium
822 2446 1014 2511 saoerdotalo
1039 2448 1070 2511 et
1091 2447 1251 2513 leviticum
1273 2467 1330 2534 por

121 2555 326 2624 contubernia
357 2556 546 2622 feminarum
575 2557 730 2642 polluunt,
765 2558 840 2622 dum
864 2541 1027 2642 quaestum
1050 2555 1201 2642 pietatem
1223 2559 1330 2625 existi·

121 2671 219 2747 mant,
243 2669 319 2734 dum
341 2668 503 2755 stipendiis
525 2669 584 2736 Dei
612 2669 784 2736 ministerio
812 2669 972 2753 deputatis
1000 2668 1190 2735 vanitatibus
1213 2675 1245 2736 et
1266 2691 1329 2738 non

120 2779 187 2845 Deo
210 2779 358 2861 militant,
392 2781 468 2846 dum
499 2799 675 2867 pauperum
713 2780 860 2846 victualia
892 2781 924 2846 in
959 2780 1096 2846 luxurias
1127 2781 1327 2864 transferunt,

121 2890 195 2974 quid
214 2888 274 2956 nisi
296 2889 560 2957 abominationem
593 2892 793 2957 desolationis
828 2891 1015 2978 semetipsos
1050 2893 1083 2956 in
1116 2893 1184 2959 loeo
1219 2894 1326 2958 saneto

122 3000 344 3067 constituunt?
366 2997 407 3068 Et
429 3020 502 3069 oum
524 3002 642 3069 sintin
664 3005 756 3068 ooetu
777 3002 890 3068 talium
912 3003 1054 3069 nonnulli
1075 3022 1188 3088 genere
1210 3005 1327 3088 olari,²)

120 3112 296 3178 litterarum
331 3114 460 3180 seientia
493 3115 641 3195 illustres,
676 3115 794 3180 divitiis
818 3114 931 3200 ampli,
966 3115 1104 3198 eorporis
1137 3118 1169 3181 et
1189 3117 1326 3184 restium

122 3224 210 3289 oultu
231 3225 395 3309 splendidi,
425 3229 462 3292 ut
483 3228 546 3292 tale
569 3227 643 3310 quid
665 3227 703 3292 de
726 3226 770 3292 eis
805 3226 846 3291 ab
867 3225 1094 3294 admirantibus
1118 3227 1213 3292 otiam
1234 3228 1327 3294 disai-

121 3331 203 3417 pulis
216 3332 277 3398 diei
287 3332 422 3400 Domino
435 3336 484 3400 vel
496 3333 622 3401 cuilibet
634 3334 701 3419 ejus
713 3335 828 3402 vitano
839 3337 957 3422 possit:
974 3340 1172 3423 magister
1187 3357 1227 3404 as
1237 3340 1276 3424 pi
1286 3358 1326 3405 oe

123 3444 268 3526 qualos
289 3444 449 3529 lapides
476 3448 516 3511 et
543 3448 681 3531 quales
717 3450 992 3534 structuram
1015 3451 1166 3536 magistro
1200 3449 1327 3517 coelesti

122 3573 191 3635 non,
215 3555 615 3626 saoiemrerumsedoorda
637 3560 770 3626 intuenti
785 3579 847 3625 non
862 3565 977 3628 estnec
988 3581 1056 3628 esse
1077 3560 1170 3627 debet
1192 3578 1265 3627 eura
1287 3562 1325 3628 de

121 3665 230 3732 talium
247 3670 405 3735 strnotura
419 3670 568 3755 lapidum,
593 3672 645 3756 qui
667 3671 708 3735 ab
729 3672 919 3757 apostolieae
938 3673 1160 3740 aedificationis
1176 3671 1326 3738 dissident

122 3776 334 3861 fmdamento,
347 3779 491 3865 dioetque
502 3783 540 3848 de
551 3783 612 3849 his:
628 3783 750 3849 Arnen
765 3783 849 3849 dioo
866 3783 972 3852 robis
988 3803 1063 3850 non
1078 3785 1326 3870 relinquetur

121 3889 227 3974 lapis
251 3909 369 3976 super
390 3893 573 3978 lapidem,
598 3896 666 3980 qui
682 3914 757 3962 non
772 3896 1047 3980 destruatur.⁴)
1068 3900 1191 3965 Bonum
1209 3899 1324 3984 quippe

222 4201 242 4272 ¹)
261 4201 317 4257 eod.
337 4203 538 4258 daemoniosum.

223 4299 244 4370 ¹)
264 4301 320 4353 eorl.
340 4303 408 4359 olan.

219 4399 242 4470 θ)
261 4403 343 4454 Maro.
364 4400 407 4455 13.
432 4403 454 4454 1.

219 4497 242 4569 ⁴)
261 4500 345 4557 moth,
367 4501 410 4556 24.
431 4501 456 4556 2.
488 4503 549 4559 Inue.
569 4504 612 4558 21.
636 4503 661 4559 6,
