3168 5190
1286 391 1349 460 aba

147 579 209 644 que
229 560 379 626 Israelem
403 577 521 640 verum,
537 559 691 646 populum
712 561 855 630 videlicet
879 561 1092 644 christianum,
1115 563 1254 650 ejusdem
1275 566 1348 651 agni

147 671 299 756 sanguine
331 672 489 756 signatum
511 670 625 756 gladiis
658 690 768 757 rogum
802 672 961 739 securibus
995 675 1158 741 consulum
1190 676 1348 760 totiusque

148 784 299 850 exercitus
323 783 372 849 sui
394 786 545 868 apparatu
566 785 761 868 persequitur
783 803 817 851 eo
842 785 969 850 tandem
990 786 1023 851 in
1045 787 1125 852 mari
1148 785 1278 853 obrutus
1290 790 1347 876 est,

150 895 232 980 quod
266 892 356 959 nohis
389 894 423 959 in
456 898 556 960 morte
589 911 625 960 ac
655 912 709 978 per
730 898 864 960 mortem
886 894 1002 962 Christi
1034 896 1157 979 pietatis
1190 896 1348 964 lavacrum

147 1007 307 1074 conditum
329 1010 386 1072 est.
409 1007 498 1090 Quod
521 1006 575 1071 ubi
596 1007 687 1091 plena
709 1005 769 1072 lide
790 1006 923 1090 ingressi
945 1008 1160 1074 transierimus
1178 1009 1348 1092 spiritualis

147 1117 318 1184 Pharaonis
341 1118 541 1201 omniumque
570 1119 740 1184 satellitum
756 1117 823 1202 ojus
838 1122 904 1184 tam
922 1120 1108 1186 daemonum
1131 1137 1224 1205 quarn
1246 1120 1346 1187 homi·
1381 1170 1382 1174 ,

146 1249 221 1296 num
255 1230 505 1316 persecutionem
537 1248 600 1295 non
634 1234 682 1296 est
719 1231 803 1313 quod
824 1230 1001 1298 timeamus.
1045 1231 1128 1298 Nam
1150 1237 1182 1300 et
1203 1234 1298 1300 homo
1322 1237 1349 1302 si

146 1361 259 1427 corpus
293 1342 406 1408 occidit
438 1342 576 1407 animam
597 1360 659 1408 non
681 1346 785 1427 potest
818 1343 955 1409 occidere
978 1347 1010 1410 ot
1032 1344 1173 1412 diabolus
1194 1347 1227 1411 in
1248 1345 1348 1428 nobis,

146 1453 201 1539 qui
223 1453 339 1522 christi
371 1453 447 1519 facti
479 1474 598 1535 sumus,
636 1471 710 1520 suae
744 1454 896 1521 cautionis
930 1455 1019 1540 signa
1051 1474 1113 1521 non
1136 1456 1272 1524 inveniet
1292 1477 1349 1543 per

146 1581 228 1649 quae
250 1583 377 1632 rursmn
398 1585 455 1632 nos
479 1584 553 1633 suae
570 1565 881 1649 servitutisuhjiciat‚
904 1567 965 1632 nisi
982 1585 1039 1634 nos
1062 1568 1201 1634 ultronee
1222 1569 1263 1634 ad
1285 1587 1351 1636 ser·

145 1674 295 1742 viandum
317 1676 346 1742 ei
367 1676 401 1742 in
421 1677 488 1744 luto
522 1680 554 1744 ot
574 1679 607 1743 in
627 1677 778 1744 lateribus
800 1679 833 1744 in
854 1679 998 1746 tenebras
1031 1679 1224 1765 ignorantiae
1246 1681 1349 1747 redea-

144 1806 230 1856 mus.
273 1787 324 1854 Sio
346 1790 453 1854 antem
495 1792 526 1854 et
557 1788 591 1854 in
624 1788 803 1869 Sodomitis,
839 1789 873 1854 in
905 1793 1027 1875 septem
1059 1809 1182 1880 quoquo
1203 1789 1348 1876 gentibus

143 1898 374 1966 habitatoribus
411 1903 511 1966 terrae
545 1900 691 1968 Chanaan
737 1904 859 1985 tempus
895 1901 1112 1988 completionis
1149 1902 1349 1986 iniquitatum

145 2029 256 2076 eorum
277 2015 488 2097 exspectatum
510 2015 568 2094 est,
591 2014 627 2078 nt
648 2012 762 2079 mirum
784 2032 852 2080 esse
874 2032 937 2080 non
950 2013 1070 2094 debeat,
1093 2032 1150 2079 neo
1172 2013 1205 2078 in
1223 2012 1347 2079 diabolo

145 2123 320 2190 Dominum
342 2125 543 2211 supplantare
565 2123 709 2190 debuisse
726 2125 897 2210 judicium,
922 2145 981 2210 quo
1005 2144 1076 2192 eum
1098 2129 1170 2191 aute
1194 2143 1268 2192 suae
1289 2126 1348 2190 im·

146 2234 281 2321 pietatis
303 2236 542 2320 completionem
575 2235 608 2302 in
634 2235 783 2321 abyssum
803 2238 959 2319 mitteret,
983 2237 1087 2321 sicque
1108 2236 1214 2322 ipsum
1235 2253 1254 2301 a
1275 2254 1350 2322 pos-

146 2347 286 2414 sessione
309 2367 364 2414 sen
383 2348 554 2414 tentatione
574 2347 703 2413 humani
724 2349 845 2433 generis
860 2351 988 2415 arceret.
1010 2348 1119 2414 Utitur
1133 2350 1240 2412 autem
1255 2345 1350 2411 otiam

146 2477 248 2542 nsque
268 2458 361 2525 hodie
381 2459 535 2527 Dominus
559 2459 625 2544 ejus
647 2459 788 2544 nequitia
810 2462 973 2543 tamquam
994 2457 1082 2524 labro
1106 2458 1155 2524 vel
1176 2458 1287 2523 malleo
1310 2458 1350 2522 ad

145 2568 327 2636 fabricanda
360 2572 409 2636 vel
441 2571 584 2656 polienda
613 2589 688 2637 uasa
720 2569 958 2648 misericordiae,
994 2569 1027 2634 in
1061 2566 1172 2652 quibus
1207 2567 1350 2633 ostendat

146 2681 271 2747 divitias
294 2681 414 2767 gratiae
436 2699 511 2749 suae
531 2686 657 2768 propter
680 2683 763 2767 quod
784 2680 972 2761 faciendum,
995 2683 1032 2746 nt
1055 2679 1254 2758 dictumest,
1277 2696 1349 2743 cum

147 2796 259 2862 ceteris
281 2796 365 2862 vasis
387 2796 460 2877 irae,
485 2813 563 2881 quae
585 2800 658 2882 apta
680 2799 754 2862 sunt
775 2796 808 2861 in
828 2793 999 2871 interitum,
1022 2791 1055 2856 in
1076 2791 1176 2856 multa
1196 2787 1350 2874 patientia

146 2906 243 2972 etiam
276 2906 411 2973 sustinet
443 2907 603 2975 diabolum
624 2927 723 2994 usque
745 2908 784 2974 ad
806 2909 947 2990 tempora
968 2899 1247 2970 consummationis
1270 2900 1348 2966 oleo·

146 3019 261 3097 corum,
297 3033 375 3100 quaa
396 3035 489 3084 nosse
510 3022 653 3086 nostrum
685 3037 749 3086 non
780 3023 829 3087 est
851 3019 905 3086 sed
927 3018 1022 3086 Pater
1054 3033 1091 3084 ea
1112 3020 1218 3103 posuit
1237 3017 1270 3082 in
1293 3035 1349 3083 sua

146 3127 343 3214 potestatel)

648 3518 759 3584 Cap.
778 3515 855 3574 IX.

148 3665 314 3734 Hominem
340 3665 405 3734 nisi
433 3665 496 3734 tali
517 3683 556 3733 ac
577 3663 669 3734 tanto
691 3665 798 3753 pretio
826 3665 1027 3753 redemptum
1057 3684 1123 3733 non
1145 3665 1216 3734 fore
1238 3665 1348 3754 aptum

312 3821 416 3889 regno
438 3802 537 3871 etiam
558 3803 693 3891 propria
721 3801 951 3871 diverberando
974 3801 1182 3871 conscientia.

249 3989 326 4056 Esto
343 3992 461 4073 ¹autem,
487 3991 568 4075 quod
591 3991 743 4056 Dominus
778 4008 840 4056 non
863 3992 985 4056 serrato
1005 3989 1116 4074 judicii
1138 3992 1276 4072 tempore
1299 3990 1347 4056 vel

149 4101 257 4167 ordino
291 4101 449 4168 diabolum
483 4103 591 4168 statim
619 4112 694 4189 post
716 4102 927 4168 seductionem
957 4101 1093 4168 hominis
1116 4103 1165 4167 vel
1188 4102 1346 4185 aliquanto

147 4217 222 4300 post
236 4215 378 4300 tempore
392 4213 425 4280 in
439 4213 589 4299 abyssum
610 4213 732 4281 miserit
751 4214 971 4297 hominemque
995 4212 1112 4297 absque
1135 4212 1347 4280 satisfactione

252 4477 430 4550 omit
