3168 5214
254 415 320 484 350

251 590 389 653 torrente
412 581 508 647 divini
529 581 656 659 amoris,
671 581 724 663 qui
746 578 879 662 Spiritus
903 577 969 662 ejus
992 582 1040 644 esd
1055 578 1160 645 infusa
1175 580 1354 665 ediam'ipsa
1370 579 1470 646 reda·

250 714 336 763 mare
357 713 420 759 non
443 695 553 758 cessar.
582 692 633 757 Ad
655 691 738 756 hunc
758 709 897 756 amorem
921 693 1060 773 uterque,
1086 689 1180 754 Pater
1203 691 1322 757 scilicet
1346 708 1383 756 ac
1407 691 1469 755 Fi-

251 809 322 886 lius,
345 805 549 870 emittendum
571 803 610 867 de
632 822 665 867 se
683 801 842 887 perfectus
874 800 1032 867 sufficiens
1055 819 1092 866 ac
1115 804 1228 887 potens
1252 806 1284 868 ed
1305 801 1387 869 liber
1410 803 1468 868 sui

251 922 309 998 est,
333 915 474 1001 quamvis
496 913 533 994 ie,
559 913 611 996 qui
632 914 673 979 ab
695 913 739 978 eis
762 913 1010 996 procedii,amor
1031 931 1067 978 ac
1091 913 1195 978 vitalis
1218 913 1303 980 calor
1324 932 1388 979 non
1412 914 1468 978 di-

251 1030 336 1096 risus
360 1028 516 1094 sedunus
540 1028 571 1089 et
592 1024 769 1089 individuus
791 1027 848 1105 esd,
873 1024 955 1091 sicud
976 1024 1061 1090 drus
1085 1044 1147 1090 non
1172 1026 1252 1092 alius
1280 1028 1312 1091 ei
1328 1027 1353 1110 ¹)
1376 1027 1464 1091 alius

251 1141 305 1207 sed
326 1159 407 1206 unus
430 1141 523 1221 atque
545 1136 627 1200 idem
651 1135 747 1201 fontis
771 1135 824 1219 qui
846 1138 878 1200 ed
899 1153 996 1201 venae
1019 1139 1074 1202 est.
1100 1137 1191 1203 Hunc
1213 1155 1351 1221 namque
1373 1138 1462 1203 vita-

250 1254 313 1318 lem
335 1253 468 1317 calorem
489 1252 520 1314 ea
542 1264 689 1327 amorem,
724 1245 804 1310 hanc
837 1245 936 1309 vitam
968 1245 1050 1310 sicut
1072 1244 1166 1311 Pater
1186 1246 1401 1312 indeficienter
1422 1265 1464 1312 ac

251 1365 340 1450 plene
372 1360 466 1427 habeb
487 1361 519 1424 in
542 1357 710 1442 semetipso
744 1357 790 1422 sic
812 1357 897 1422 dedic
920 1360 951 1422 ei
973 1354 1054 1421 Filio
1086 1356 1200 1422 habere
1222 1357 1255 1422 in
1276 1357 1462 1441 semetipso.

250 1476 290 1541 uc
312 1474 438 1558 perinde
465 1471 525 1537 hoc
556 1471 624 1553 ipso
647 1469 736 1534 vitali
758 1468 868 1547 calore,
892 1467 974 1533 sicud
997 1466 1092 1533 Pater
1115 1486 1193 1552 quos
1216 1469 1284 1534 rulo
1306 1467 1458 1552 vivificat,

249 1586 293 1651 ita
315 1589 347 1651 ei
369 1585 467 1650 Filius
502 1583 609 1649 eodem
642 1581 731 1646 vitali
751 1581 853 1645 calore
888 1597 966 1662 quos
989 1580 1057 1644 vult
1079 1579 1225 1660 vivificat,
1260 1599 1318 1646 nec
1351 1581 1461 1646 minus

249 1701 394 1785 potenter
415 1700 482 1782 ipse
505 1715 599 1782 quam
623 1696 725 1761 Pater.
750 1693 824 1759 Non
846 1693 915 1758 vuli
937 1694 1043 1758 autem
1067 1691 1145 1757 alios
1168 1692 1324 1758 vivificare
1346 1693 1448 1758 Filius

250 1827 344 1893 quam
382 1829 458 1893 qnos
482 1811 513 1875 ot
535 1809 629 1873 Pater
652 1807 729 1886 vult,
762 1822 820 1870 nec
851 1803 929 1869 alios
952 1803 1048 1868 Pater
1080 1821 1174 1886 quam
1197 1805 1265 1869 vult
1288 1807 1319 1870 et
1342 1804 1457 1884 Filius,

250 1939 284 1986 eo
309 1922 392 2006 quod
416 1905 538 1986 summa
568 1919 649 1984 inter
672 1935 725 2012 eos
748 1915 851 1981 unitas
883 1915 965 1980 sicui
986 1914 1144 1998 potentiae
1166 1914 1211 1980 iia
1233 1918 1265 1980 et
1286 1913 1460 1980 vormatia

249 2030 300 2100 sit.
323 2033 433 2115 Itaque
454 2049 517 2096 non
539 2031 620 2096 sicud
642 2033 678 2094 tu
700 2028 777 2094 dicis
796 2027 943 2112 dyarchia
966 2027 1180 2094 monarchiam
1202 2027 1257 2093 sod
1273 2024 1456 2092 monarchia

248 2141 427 2226 dyarohiam
452 2143 585 2225 expellit,
619 2159 655 2206 eo
678 2140 760 2223 quod
782 2139 865 2204 sicut
886 2159 967 2205 unus
990 2142 1038 2207 ost
1060 2138 1149 2205 Deus
1173 2139 1269 2204 Pater
1291 2141 1323 2203 ei
1344 2136 1459 2216 Filius,

246 2254 291 2320 iia
313 2259 344 2320 et
365 2257 504 2338 potestas
527 2253 691 2318 amborum
714 2250 824 2316 similis
849 2252 991 2317 voluntas
1015 2270 1138 2335 quoqne
1160 2267 1248 2315 amor
1262 2253 1294 2316 ct
1309 2247 1458 2334 Spiritum

247 2383 309 2430 non
331 2364 448 2429 divisus
472 2365 629 2430 sedunus
653 2363 704 2428 sit.

223 2505 246 2574 9
347 2475 496 2544 Graccus.
530 2475 666 2558 Spiritus
700 2474 868 2560 processio,
905 2492 985 2558 quae
1007 2493 1025 2538 a
1048 2474 1142 2540 Patre
1165 2479 1197 2540 et
1219 2475 1298 2541 ursio
1322 2478 1380 2557 esd,
1406 2472 1458 2540 vel

245 2607 306 2658 una
330 2593 360 2654 ei
382 2590 490 2654 eadem
513 2587 632 2680 estosed
654 2587 714 2650 alia
734 2590 766 2651 et
788 2586 860 2651 alia.
884 2585 917 2652 Si
934 2587 1092 2670 quidone,
1116 2605 1281 2653 commune
1303 2590 1352 2652 esd
1376 2588 1456 2654 duo·

243 2722 314 2769 rum
338 2701 441 2766 Patris
464 2701 496 2764 ei
519 2696 591 2762 Filii
614 2697 758 2762 emittere
782 2696 935 2782 Spiritum
957 2718 992 2764 ex
1015 2719 1048 2763 se
1071 2699 1162 2782 ipsis,
1182 2717 1245 2764 non
1268 2698 1365 2784 igitur
1379 2718 1456 2786 pro·

243 2813 345 2897 prium
367 2815 415 2876 esd
437 2810 550 2876 Patris.
575 2811 665 2891 Quod
689 2810 771 2875 enim
787 2810 951 2895 proprium
973 2814 1021 2875 est
1044 2830 1210 2877 commune
1232 2831 1295 2877 non
1319 2815 1378 2893 esd,
1400 2831 1454 2878 ne·

244 2945 303 3009 que
338 2924 418 3008 quod
453 2940 618 2986 commuue
640 2921 812 3005 proprium.
859 2919 920 2987 Sed
942 2926 991 2987 est
1013 2923 1173 3006 proprium
1211 2920 1313 2988 Patris
1348 2943 1385 2989 ex
1418 2942 1451 2989 se

244 3037 386 3102 emittere
408 3033 572 3118 Spiritum,
606 3032 755 3114 competi
785 3032 869 3096 euim
899 3034 1039 3099 confiteri
1061 3036 1092 3098 ed
1115 3034 1210 3114 istud,
1234 3033 1362 3100 Patrem
1385 3053 1452 3100 esso

245 3148 373 3212 Patrem
392 3145 568 3228 perfectum
591 3145 622 3208 ed
645 3162 680 3208 ex
703 3145 826 3228 seipso
849 3165 997 3231 generare
1015 3146 1130 3211 Filium
1153 3148 1247 3214 simul
1264 3152 1295 3214 ed
1310 3147 1450 3214 emittere

243 3257 397 3343 Spiritum
420 3261 451 3321 et
474 3259 576 3321 dodum
607 3256 666 3321 hoc
689 3255 716 3321 ei
740 3256 882 3345 πατρικόν
903 3257 1074 3323 attribuere
1096 3259 1225 3341 idioma,
1247 3260 1449 3346 quemadmo-

244 3371 371 3435 dumet
393 3369 472 3434 Filio
496 3370 637 3453 generari
662 3374 692 3437 ct
715 3370 846 3456 Spiritui
870 3392 905 3437 ex
926 3372 994 3456 ipso
1017 3371 1193 3456 procedere.
1232 3371 1272 3436 Et
1296 3369 1447 3454 quomodo

243 3498 407 3545 commune
429 3481 466 3545 fic
487 3481 660 3564 proprium,
697 3482 757 3546 nisi
781 3485 813 3547 ei
835 3483 928 3547 Pater
951 3486 983 3548 ei
1005 3483 1102 3548 Filius
1136 3483 1169 3546 in
1199 3500 1296 3548 unam
1319 3483 1447 3550 coadun-

243 3595 334 3657 entur
355 3595 550 3675 personam?
594 3591 635 3656 Et
667 3595 739 3663 hino
772 3616 880 3662 rursus
904 3595 1057 3662 Sabellius
1097 3595 1216 3675 revixit,
1253 3597 1335 3679 quod
1368 3596 1446 3661 enim

243 3721 340 3767 unum
364 3707 412 3769 esi
434 3707 465 3768 ei
485 3707 647 3787 personale
670 3707 785 3772 idioma
809 3708 901 3772 unius
924 3725 1049 3773 necesse
1073 3711 1121 3772 esd
1143 3727 1211 3772 esse
1233 3723 1392 3791 personae.
1416 3704 1447 3771 Si

243 3832 315 3879 voro
339 3833 400 3880 non
422 3835 484 3881 una
507 3821 538 3884 et
561 3818 744 3898 eademscd
767 3819 827 3884 alia
850 3820 985 3903 quidem,
1011 3839 1088 3903 quae
1111 3837 1130 3884 a
1154 3819 1257 3897 Patre,
1293 3820 1354 3885 alia
1377 3836 1445 3884 voro

243 3943 321 4009 quae
345 3945 363 3990 a
385 3927 464 3992 Filio
488 3928 623 4011 Spiritus
659 3931 815 4013 processio
837 3933 883 3996 vel
907 3930 1094 4016 simpliciter
1127 3931 1185 3995 hue
1207 3931 1286 3996 duae
1309 3931 1445 3996 diversae

243 4036 407 4102 ueletiam
437 4040 620 4106 codicariae.
665 4039 698 4107 Si
722 4042 847 4125 quidem
871 4042 1044 4107 contrarias
1078 4060 1130 4107 eas
1153 4042 1255 4108 dicere
1277 4041 1443 4108 Marcionis

243 4147 366 4213 Poniici
390 4151 420 4214 od
442 4149 576 4216 Manetis
611 4151 727 4218 Persae
749 4156 798 4218 cst
819 4153 971 4233 haeresis,
1010 4155 1062 4237 qui
1085 4154 1240 4220 contraria
1261 4155 1322 4219 duo
1346 4171 1443 4219 asser·

242 4262 300 4326 und
321 4259 481 4346 principia.
504 4258 540 4328 Si
562 4281 633 4329 vero
657 4263 840 4349 simpliciter
856 4264 1070 4351 processiones
1087 4264 1226 4330 diversae
1242 4283 1321 4350 quae
1337 4282 1441 4333 aarum

295 4450 496 4458 -σ-..ψ--υ-ρ-ι-

344 4517 363 4590 ¹)
382 4523 437 4576 cod.
462 4519 517 4579 sed.
