3168 5214
1278 400 1341 470 315

133 571 244 638 amma
266 571 362 637 aDeo
383 570 465 637 facta
488 573 544 650 est,
568 570 708 640 sensibus
726 592 799 641 uero
818 572 1027 656 corporalibus
1049 573 1096 639 uti
1120 575 1205 638 extra
1227 591 1338 658 corpus

134 700 201 748 uon
224 685 340 767 potest,
353 685 479 768 propter
501 683 559 748 hoc
583 704 675 751 suum
697 704 810 771 corpus
833 683 935 767 diligit
957 684 1120 768 ipsumque
1142 685 1228 749 velut
1250 701 1342 768 orga-

134 813 215 858 num
237 813 331 860 suum
353 796 392 860 ad
414 813 563 861 sensuum
585 798 720 881 quinque
742 817 834 862 usum
856 798 1018 879 temperat.
1044 793 1088 859 nt
1110 795 1182 877 quia
1204 795 1340 860 numeris

135 907 207 989 ipsa
229 905 370 989 praedita
392 911 440 972 est
462 907 610 974 divinitus
633 909 736 992 ipsum
760 926 881 991 quoque
903 925 1014 990 corpus
1032 926 1123 971 suum
1141 924 1341 973 numerorum

139 1019 331 1101 aequalitate
354 1021 385 1084 in
406 1020 636 1105 pulchritudine
658 1038 694 1085 ac
716 1020 873 1104 parilitate
896 1011 1043 1102 disponit,
1077 1021 1113 1082 ut
1139 1035 1219 1100 quae
1247 1018 1342 1084 habet

139 1129 277 1213 gemina,
300 1149 339 1196 u·
353 1150 398 1216 gr.
423 1133 547 1212 oculos,
581 1148 670 1196 aures
704 1130 879 1214 quantitate
912 1129 997 1212 paria
1020 1131 1052 1194 et
1073 1129 1140 1194 loco
1172 1129 1342 1214 aequaliter

140 1239 294 1324 disposita
316 1243 388 1322 sint,
423 1259 501 1327 quae
530 1260 602 1308 vero
626 1241 757 1326 singula,
785 1243 817 1306 ut
837 1260 872 1304 os
895 1243 928 1305 et
948 1258 1043 1305 nasus
1078 1241 1215 1306 medium
1236 1243 1341 1309 locum

139 1355 278 1419 teneant.
323 1354 363 1418 lit
384 1353 435 1418 hio
456 1354 545 1419 loons
565 1353 685 1418 animae
717 1351 846 1418 inferior
884 1351 1043 1436 proprium
1065 1351 1209 1418 videlicet
1229 1371 1342 1438 corpus

141 1469 201 1544 est,
224 1464 275 1530 cui
296 1466 456 1548 tamqnam
478 1465 655 1548 parimento
677 1463 830 1543 innititur,
854 1462 909 1528 sed
930 1480 993 1528 nou
1014 1465 1116 1529 totum
1139 1482 1172 1528 se
1195 1463 1287 1529 debet
1308 1465 1340 1530 in

140 1576 211 1661 ipso
232 1594 318 1641 more
339 1575 599 1640 irrationabilium
621 1575 795 1641 animarum
810 1576 860 1640 vel
874 1574 1077 1639 animantium
1093 1577 1239 1640 sternere.
1262 1574 1342 1656 Quia

140 1703 213 1752 voro
237 1690 269 1752 et
290 1687 493 1753 ratiocinandi
515 1690 625 1771 potens
649 1691 708 1765 est,
733 1686 815 1770 quod
837 1687 944 1771 ipsum
966 1686 1060 1752 etiam
1084 1705 1120 1751 ex
1142 1703 1341 1752 numerorum

142 1797 264 1863 ratiom
285 1797 452 1876 descendit,
489 1797 599 1881 quibus
622 1799 730 1863 eadem
753 1796 888 1862 humana
919 1796 1031 1861 anime
1044 1814 1120 1882 prae
1142 1797 1253 1862 ceteris
1275 1797 1342 1861 ani·

142 1908 254 1974 mabus
288 1908 436 1973 divinitus
458 1909 599 1995 praedita
622 1913 682 1986 est,
719 1909 785 1973 sola
816 1907 898 1973 euim
920 1907 989 1991 ipsa
1011 1907 1131 1992 colligit
1155 1910 1289 1990 quatuor
1310 1911 1343 1972 et

142 2019 204 2086 tria
226 2021 348 2103 septem
370 2039 437 2086 esse
459 2037 495 2085 ac
508 2030 636 2105 *septem
659 2040 729 2085 oum
751 2019 852 2086 tribus
875 2019 982 2084 decem
998 2018 1074 2085 fieri.
1097 2019 1179 2084 Hinc
1193 2023 1242 2084 est
1259 2019 1342 2102 quod

141 2129 319 2196 liberalium
351 2132 466 2197 artium
500 2132 642 2197 exercitio
666 2151 699 2196 se
720 2130 852 2197 libenter
884 2148 920 2197 ao
953 2130 1090 2197 studiose
1112 2129 1271 2213 impendit,
1306 2147 1341 2194 eo

144 2242 226 2326 quod
249 2242 416 2308 earundem
437 2243 550 2308 artium
567 2243 756 2308 naturalium
772 2241 935 2328 disciplina
950 2259 986 2307 ac
999 2243 1066 2306 tota
1081 2239 1214 2307 faeritas
1229 2258 1343 2325 prope-

143 2353 273 2418 modum
295 2371 330 2417 ex
351 2371 553 2446 numerorum
575 2354 693 2418 ratione
709 2354 875 2419 descendit.
899 2353 976 2436 Quis
999 2353 1082 2418 enim
1104 2351 1223 2417 nesciat
1245 2351 1343 2416 arith·

129 2464 290 2530 meticam
311 2465 332 2532 i.
356 2485 382 2531 e.
404 2468 488 2532 recte
508 2464 691 2530 numerandi
713 2465 874 2530 scientiam
896 2463 1033 2529 musione
1046 2461 1341 2548 inproportialibus,

145 2579 333 2660 geometriae
355 2596 428 2643 vero
451 2577 713 2642 etastrouomiae
735 2577 767 2641 in
789 2575 915 2661 reliquis
945 2574 1083 2640 numeris
1105 2573 1343 2640 fundamentum

145 2688 301 2755 existere?
323 2687 406 2753 Nam
428 2689 529 2773 logica
552 2689 616 2754 sive
639 2688 756 2772 logicae
777 2691 881 2771 partas
905 2705 966 2753 non
989 2689 1054 2751 tam
1077 2686 1234 2751 naturales
1257 2688 1340 2752 artes

146 2805 230 2880 sunt,
258 2816 353 2884 quam
375 2804 410 2867 ut
432 2820 487 2885 per
508 2818 560 2866 eas
582 2801 621 2865 ad
643 2800 831 2866 naturalium
846 2798 962 2882 artium
983 2797 1126 2863 notitiam
1148 2797 1344 2880 perveniatur
1395 2864 1397 2868 ,

142 2912 296 2978 inventae.
341 2911 445 2976 Etiam
463 2912 623 2977 dialectica
644 2930 699 2994 pro
723 2929 769 2989 eo,
805 2911 888 2994 quod
909 2910 977 2993 ipsa
999 2909 1194 2974 naturalibus
1231 2907 1342 2974 nititur

143 3024 336 3110 argumentis
359 3024 502 3107 quodque
524 3022 707 3100 inveniendi,
730 3021 885 3086 dividendi
907 3025 939 3086 et
963 3020 1128 3106 colligendi
1149 3024 1259 3106 potens
1283 3025 1340 3101 est,

142 3135 295 3219 numquid
327 3153 390 3199 nou
412 3137 443 3200 et
464 3134 523 3199 hoc
544 3134 650 3219 ipsum
673 3152 708 3198 er
730 3151 931 3198 numerorum
964 3133 1083 3198 ratione
1105 3132 1341 3218 proficiscitur?

143 3247 221 3329 Quis
243 3245 362 3329 absque
384 3245 566 3312 numerandi
599 3245 728 3310 scientia
761 3244 913 3329 percipiat
944 3263 1043 3328 genus
1066 3245 1251 3311 continentis
1275 3265 1343 3313 esse

144 3377 202 3425 sua
223 3359 325 3442 specie
346 3359 440 3440 atque
461 3357 531 3422 ideo
547 3357 624 3422 illud
638 3358 818 3441 praedicari,
842 3357 977 3443 speciem
993 3376 1064 3422 vero
1080 3357 1192 3443 subjici
1208 3357 1341 3425 ueteres

142 3470 294 3536 Rhetores
325 3487 446 3552 quoqua
475 3469 649 3534 dumentis
674 3487 748 3534 suae
769 3468 950 3534 facultatem
972 3468 1005 3533 in
1026 3469 1211 3549 inventione,
1236 3469 1341 3554 dispo-

143 3581 266 3662 sitione,
300 3579 481 3660 elocutione,
514 3579 674 3660 memoria,
697 3579 946 3663 pronuntiatione
979 3579 1173 3645 constituunt
1207 3581 1342 3664 dumque

142 3693 316 3759 orationem
348 3690 524 3758 absolutam
547 3692 579 3756 in
602 3711 654 3758 sex
675 3691 815 3758 membra
836 3692 856 3757 i.
880 3710 906 3756 e.
930 3690 1097 3769 exordium,
1121 3692 1340 3774 narrationem,

143 3801 352 3886 partitionem,
375 3802 653 3883 confirmationem,
677 3803 921 3869 confutationem
944 3804 975 3867 et
997 3801 1226 3870 conclusionem
1240 3804 1342 3870 distri·

143 3912 253 3993 buunt,
277 3912 372 3978 etiam
396 3915 563 3979 oratoriam
586 3914 767 3981 facultatem
789 3919 927 3984 numeris
949 3917 1007 3982 niti
1029 3917 1254 3982 demonstrant.
1277 3912 1342 3982 Sed

142 4028 174 4092 et
195 4024 402 4110 grammatici,
440 4025 513 4090 dum
547 4027 695 4092 orationis
724 4031 827 4112 partas
861 4027 1037 4095 octifariam
1074 4028 1226 4108 dividunt,
1262 4044 1339 4110 quas

141 4135 257 4202 iterum
278 4135 311 4200 in
332 4153 405 4201 snas
427 4137 555 4219 species,
578 4137 810 4223 conjugationes
833 4141 1004 4224 modosque
1026 4139 1229 4206 subdividunt
1250 4140 1340 4205 dum·

143 4266 204 4332 que
236 4247 317 4312 iuter
347 4247 474 4332 longam
496 4252 528 4313 et
549 4248 673 4316 brevem
708 4250 860 4334 syllabam
893 4252 1101 4319 discementee
1124 4249 1208 4334 leges
1230 4247 1339 4314 metris

142 4361 272 4443 ponunt,
307 4358 400 4424 etiam
432 4359 493 4443 ipsi
514 4361 589 4427 artis
613 4379 686 4428 suae
714 4363 859 4447 peritiam
892 4364 1030 4431 numeris
1062 4360 1203 4446 adjuvari
1226 4365 1257 4428 et
1278 4378 1341 4427 non

143 4469 262 4558 absque
281 4471 418 4539 numeris
442 4476 583 4540 constare
605 4475 771 4543 declarant.
818 4474 904 4546 Dum
926 4477 1023 4563 igitur
1044 4477 1166 4546 animae
1188 4477 1340 4550 humanae
