3168 5190
1296 473 1359 540 219

151 650 342 740 punientis?
374 648 490 732 Utique
512 665 574 713 non
595 645 689 725 aliud,
724 661 817 728 quam
839 647 875 710 ut
898 663 955 711 nos
979 649 1135 730 premeret
1158 645 1305 733 potius1)
1327 647 1360 715 iu

152 765 290 829 mortem
311 764 343 828 et
364 761 396 826 in
418 759 501 826 vitae
522 757 777 842 desperationem,
801 775 896 841 quam
917 775 936 822 a
958 759 1060 824 morte
1082 756 1240 824 liberaret.
1274 760 1359 844 Qua·

151 875 228 940 liter
248 872 333 940 enim
355 891 411 937 nos
434 873 536 937 morte
565 867 735 952 impietatis
766 870 965 936 ademeram
987 869 1046 935 Dei
1067 867 1175 954 frigidi
1196 889 1251 954 per
1273 871 1359 937 duri·

152 985 233 1050 tiam
256 986 287 1050 et
308 1001 386 1048 onus
418 981 498 1066 legis
530 979 610 1046 iram
644 982 800 1066 operantis
823 982 992 1063 advitam,
1027 1001 1107 1067 quae
1141 982 1264 1049 dilectio
1301 982 1359 1048 Dei

152 1098 212 1176 eet,
236 1090 506 1178 calefieremusll)
549 1091 641 1159 Nunc
663 1096 769 1161 autem
802 1094 886 1178 quod
920 1093 1114 1178 impossibile
1147 1096 1215 1159 erat
1247 1092 1357 1159 baculo

147 1206 229 1292 legis
252 1205 346 1272 simul
368 1209 400 1272 et
421 1205 524 1274 officio
555 1205 743 1290 legislatoris
772 1225 830 1291 per
851 1205 1125 1272 mansuetudinem
1146 1204 1274 1270 Domini
1297 1222 1360 1269 no-

149 1314 211 1380 stri
231 1315 310 1382 «lesu
332 1313 448 1383 Christi
481 1315 671 1397 completum
691 1315 724 1380 in
746 1313 835 1380 nobis
857 1318 913 1384 est.
961 1317 1062 1400 Quem
1084 1316 1167 1381 enim
1201 1316 1288 1380 tanta
1311 1314 1358 1380 di-

148 1425 245 1491 lectio
267 1426 411 1511 impensa
432 1425 565 1512 ingratis
588 1430 619 1494 et
640 1426 773 1492 mortuis
794 1429 835 1492 ad
857 1429 964 1509 vitam,
989 1445 1066 1513 quae
1091 1430 1140 1493 est
1162 1425 1298 1492 charitas
1319 1424 1353 1489 in

150 1537 263 1616 Deum,
287 1555 349 1602 non
372 1537 522 1620 calefacit,
556 1541 630 1626 quid
664 1558 735 1604 eum
767 1537 935 1606 calefacere
967 1539 1068 1624 possit
1090 1538 1213 1623 penitus
1235 1536 1355 1621 ignoro.

150 1647 235 1730 Quid
257 1647 285 1712 si
307 1651 338 1714 et
360 1649 405 1714 sic
427 1648 532 1735 frigidi
565 1669 601 1717 ac
634 1649 730 1734 tepidi
764 1651 804 1714 ad
826 1649 1050 1716 redamandum
1072 1649 1242 1729 existimus,
1278 1645 1353 1732 quid

150 1759 341 1841 faceremus,
381 1760 409 1827 si
431 1763 590 1846 praeventi
611 1763 644 1829 in
666 1759 933 1853 benedictionibus
966 1765 1072 1828 tantae
1095 1759 1264 1827 dulcedinis
1297 1773 1360 1823 non

151 1873 322 1937 essemus?

637 2262 748 2331 Gap.
767 2260 885 2318 XVI.

153 2383 317 2472 Repetitio
338 2381 527 2454 verborum:
558 2383 627 2472 llgo
658 2404 727 2453 sum
748 2385 812 2470 via,
839 2385 968 2454 veritas
990 2386 1024 2454 et
1046 2386 1125 2472 vita
1152 2387 1236 2474 quod
1259 2388 1303 2457 sit
1324 2389 1360 2458 in

283 2495 331 2563 cis
353 2495 553 2566 christianae
574 2495 747 2584 religionis
769 2497 886 2582 ethica,
909 2497 1053 2585 physice,
1075 2499 1232 2568 theorica.

253 2682 345 2750 Libet
366 2702 438 2749 vero
460 2683 561 2750 adhuc
593 2683 688 2751 uerba
708 2684 779 2770 ipsa
801 2683 951 2750 salutaria
970 2684 1133 2750 salvatoris
1156 2688 1297 2770 repetere
1320 2687 1359 2752 de

155 2815 188 2860 sa
209 2795 404 2880 profitentis,
437 2795 583 2880 quoniam
605 2795 655 2862 via
677 2800 709 2862 et
729 2795 844 2861 veritas
867 2798 899 2860 et
921 2795 986 2860 uita
1007 2795 1076 2880 ipse
1098 2795 1152 2877 sit,
1175 2796 1203 2861 si
1224 2795 1306 2863 forte
1327 2797 1360 2864 in

156 2906 201 2971 eis
224 2904 326 2972 adhuc
347 2904 437 2971 nobis
460 2906 615 2972 elucescat
637 2906 719 2990 quod
741 2907 845 2990 palato
869 2906 990 2972 animae
1012 2907 1101 2973 dulce
1118 2925 1224 2991 sapere
1240 2907 1359 2976 debeat.

155 3016 239 3082 Nam
261 3035 333 3083 cum
355 3019 419 3084 tres
452 3016 516 3083 sint
537 3018 697 3102 generales
720 3017 917 3102 disciplinae,
952 3015 1064 3102 quibus
1095 3018 1135 3082 ad
1157 3037 1262 3084 rerum
1284 3018 1362 3086 diri·

157 3146 269 3194 narum
291 3130 323 3194 et
344 3127 551 3194 humanarum
573 3127 736 3194 scientiam
757 3129 944 3212 pervenitur,
980 3147 1056 3213 quas
1079 3128 1190 3196 Graeci
1213 3129 1358 3210 ethicam,

153 3239 327 3324 physicam,
361 3239 518 3306 theoricen
550 3239 755 3323 appellarunt,
789 3257 847 3305 nos
884 3258 956 3305 uero
980 3241 1141 3320 moralem,
1175 3242 1361 3322 naturalem,

154 3349 359 3434 inspectivam
381 3347 482 3415 diome
503 3368 681 3434 possumus,
705 3366 782 3432 quas
806 3352 837 3414 at
860 3348 1010 3416 Salomon
1032 3349 1133 3416 tribus
1155 3349 1246 3417 libris
1269 3370 1361 3437 para·

154 3461 244 3539 bolis,
279 3460 467 3542 ecclesiaste,
503 3460 631 3526 canticis
654 3460 848 3526 cantieorum
877 3461 1006 3552 loquens
1030 3460 1063 3524 in
1086 3460 1200 3545 spiritu
1221 3476 1360 3547 compre

156 3573 277 3652 hendit,
298 3576 362 3638 tras
384 3570 442 3635 has
467 3570 613 3635 scientiae
633 3565 737 3636 'tribus
759 3570 808 3635 his
829 3569 933 3636 verbis
956 3568 1147 3654 significatae
1162 3571 1240 3636 mihi
1254 3571 1360 3638 viden-

156 3688 302 3751 turcum
325 3684 369 3749 ait
389 3681 546 3749 Dominus
570 3684 607 3748 da
629 3701 675 3748 se:
713 3682 789 3767 Ego
813 3701 896 3746 sum
918 3683 999 3760 via,
1032 3680 1180 3747 veritas
1204 3686 1244 3748 et
1266 3683 1359 3753 vita.

157 3795 236 3863 Cum
258 3796 342 3862 enim
363 3795 490 3860 moralis
529 3794 659 3861 scientia
691 3795 742 3876 sit,
764 3795 797 3860 in
820 3812 880 3879 qua
903 3795 941 3860 da
962 3795 1159 3861 institutione
1181 3793 1259 3860 bene
1282 3808 1361 3864 con·

156 3906 299 3971 versandi
330 3906 443 3991 agitur,
478 3906 551 3990 quid
573 3906 613 3970 ad
634 3924 758 3972 morum
791 3907 930 3990 exempla
966 3906 1202 3972 conversatione
1234 3907 1361 3973 Domini

157 4016 335 4101 copiosius?
379 4017 511 4100 Propter
532 4015 591 4081 hoc
613 4017 718 4100 itaque
752 4016 835 4081 viam
869 4036 904 4081 se
924 4016 1024 4083 voluit
1044 4016 1185 4101 profiteri
1206 4018 1360 4084 Dominus

157 4130 262 4197 Joeus.
284 4128 367 4193 Item
389 4144 461 4192 cum
482 4126 522 4191 ad
543 4126 718 4192 naturalem
747 4127 909 4193 scientiam
933 4127 1087 4211 pertineat
1108 4147 1212 4194 rerum
1233 4133 1360 4194 naturas

157 4239 345 4325 investigare
377 4256 544 4325 earumque
581 4257 690 4305 causas
712 4237 752 4304 ab
775 4238 936 4306 effectibus
959 4239 1150 4324 distinguere
1173 4259 1267 4325 super
1288 4259 1359 4307 coe·

262 4453 280 4524 ¹)
300 4453 339 4510 Ol.
360 4455 467 4507 Houorii
496 4453 616 4519 Augusd.
645 4455 734 4520 prolog
768 4455 795 4504 in
820 4451 891 4507 Cant.
921 4451 992 4508 Cant.
1011 4453 1135 4506 Biblioth.
1165 4468 1234 4508 max.
1253 4469 1288 4511 ss.
1307 4451 1360 4508 PP.

160 4553 241 4618 Lugd.
262 4555 335 4607 Tom.
355 4553 417 4608 XX.
437 4553 483 4608 fol.
507 4552 583 4609 1155.
609 4583 641 4594 -
663 4551 683 4620 ²)
702 4552 758 4608 cod.
779 4553 978 4618 calefigercmus.
