3172 5202
238 419 299 488 136

237 589 355 656 dientes
377 585 641 655 excommunicent
657 585 780 652 medios
803 604 924 675 quoque
947 607 980 655 se
1001 589 1082 653 inter
1103 603 1192 671 reges
1214 601 1250 648 ae
1272 585 1428 666 tyrannos,

237 702 318 768 inter
339 699 479 766 civitates
501 697 687 763 alterutrum
708 697 892 767 infestantes
919 701 1117 782 interponant
1138 703 1170 763 et
1193 693 1366 782 quorum1)
1389 695 1430 760 eis

237 811 366 896 pecunia
386 811 456 895 plus
478 809 693 893 ponderaverit
726 791 835 876 eorum
857 810 1050 877 adversarios
1073 809 1338 875 excommunicent
1360 824 1432 873 ean·

238 924 369 1007 demque
397 919 742 987 excommunicationem
785 921 856 986 dato
888 921 989 1007 pretio
1023 919 1225 985 absolutionis
1256 919 1428 984 absolvant.

240 1033 315 1102 Jam
333 1049 405 1099 vero
428 1033 460 1096 et
479 1031 611 1096 aliarm
633 1030 797 1099 civitatum
807 1033 968 1116 praesules
991 1039 1022 1095 et
1045 1032 1156 1114 quiquo
1178 1029 1324 1097 ecclesiae
1346 1048 1431 1114 prae

238 1144 375 1211 sidentes
397 1142 537 1209 videntes
559 1142 737 1209 libertatem
769 1141 911 1229 ipsorum
932 1143 965 1207 in
987 1140 1131 1208 omnibus
1152 1141 1202 1206 his
1224 1141 1319 1208 libere
1341 1141 1433 1206 etiam

237 1255 301 1342 ipsi
320 1271 376 1338 pro
398 1270 455 1318 sua
476 1252 682 1337 possibilitate
704 1254 752 1318 rel
773 1254 841 1319 loco
854 1253 994 1336 ipsorum
1010 1255 1177 1336 sequantur
1192 1270 1320 1335 errores,
1343 1257 1435 1337 turpe

241 1366 324 1434 enim
345 1364 494 1433 Romanis
528 1364 711 1448 arguerem
733 1364 802 1429 aliis
835 1364 918 1447 quod
953 1365 1013 1448 ipsi
1034 1364 1172 1429 fecerint.
1217 1361 1350 1447 Sintquo
1371 1362 1435 1446 jam

241 1496 347 1569 omnes
368 1495 431 1546 uon
453 1474 597 1560 discipuli
617 1474 759 1566 veritatis
781 1475 835 1541 sed
857 1475 1001 1561 magistri
1024 1475 1176 1541 simulac
1198 1474 1340 1558 discipuli
1352 1493 1436 1541 erro·

241 1588 476 1674 decoquentes
496 1587 592 1652 etium
615 1605 677 1652 non
695 1586 717 1652 J
719 1604 807 1652 esum
821 1585 980 1655 Christum
998 1587 1031 1650 in
1051 1584 1109 1651 hoc
1131 1586 1245 1652 mundo
1267 1602 1437 1671 pauperem

242 1701 290 1767 rel
312 1699 472 1768 Simonem
493 1696 624 1764 Petrum
645 1716 756 1764 aurum
780 1701 811 1765 et
832 1702 997 1783 argentum
1019 1715 1080 1760 non
1096 1695 1261 1762 habentem
1284 1697 1337 1762 sed
1358 1696 1438 1761 anti-

242 1810 395 1878 christum
416 1807 578 1874 thesauris
602 1809 680 1880 auri
693 1813 725 1874 et
746 1809 868 1895 argenti
900 1807 1113 1874 dominantem
1136 1811 1167 1872 et
1190 1807 1348 1872 Simonem
1368 1807 1438 1872 Ma-

160 1907 161 1914 *
243 1937 319 2006 gum
341 1920 422 1986 dona
443 1918 501 1984 Dei
532 1920 671 2003 pecuniis
693 1920 921 1988 aestimantem.
965 1918 1078 2000 Quales
1100 1918 1248 1982 nimirum
1270 1918 1438 2001 magistros

243 2048 281 2095 ac
302 2028 469 2114 discipulos
491 2030 602 2096 Petrus
626 2031 797 2114 Apostolus
831 2033 863 2096 in
896 2032 1027 2117 epistola
1049 2048 1105 2096 sua
1127 2031 1298 2094 detestatur
1319 2029 1440 2094 dicens:

245 2140 1002 2223 corexercitatumavaritiahabentes‚
1019 2138 1321 2206 maledictionis
1344 2138 1440 2216 lilii;

246 2251 585 2336 derelinquentes
609 2252 709 2318 riam
732 2256 880 2319 rectam
902 2255 1150 2332 erraverunt,
1187 2249 1319 2316 secuti
1337 2249 1442 2315 riam

246 2362 409 2427 Balaam
431 2380 474 2428 ex
495 2361 639 2445 Bosor,
667 2365 728 2448 qui
750 2364 965 2430 mercedem
987 2362 1231 2448 iniquitatis
1253 2359 1444 2442 amarit.¹)

246 2473 295 2539 Do
315 2470 430 2540 talibus
451 2490 524 2539 roro
546 2477 579 2540 et
599 2474 700 2541 Judas
722 2474 900 2560 apostolus:
934 2475 1029 2555 Vae,
1051 2475 1162 2558 inquit,
1184 2473 1289 2553 illis,
1313 2472 1378 2556 qui
1400 2471 1444 2536 in

248 2585 312 2651 ria
345 2585 439 2654 (lain
471 2584 661 2652 abierunt
694 2590 730 2653 et
763 2605 896 2653 errore
931 2588 1096 2652 Balaam
1133 2584 1316 2650 mercede
1349 2586 1445 2649 sunt

249 2694 367 2764 effusi
387 2699 424 2764 et
441 2697 478 2762 in
502 2697 826 2780 contradictione
849 2697 940 2766 Oore
961 2693 1214 2782 perierunti)
1258 2695 1323 2762 Vae
1340 2696 1444 2779 inquit

249 2807 303 2888 eis,
318 2823 392 2872 nam
406 2808 548 2892 quamvis
563 2807 716 2892 ejusmodi
735 2808 960 2876 maledictionis
983 2809 1040 2876 filii
1060 2808 1254 2874 Balaamitae
1274 2805 1445 2874 benedicti-

249 2935 323 2984 ones
345 2936 400 2984 seu
422 2919 654 2984 maledictiones
685 2937 898 3004 quascumque
919 2920 1072 2984 cantitant
1092 2919 1259 2985 vendentes
1282 2922 1313 2983 et
1334 2919 1448 2984 cuncta

250 3029 334 3115 apud
350 3049 385 3094 se
398 3030 519 3095 venalia
533 3028 692 3111 habentes,
716 3031 867 3113 quamvis,
883 3031 1020 3113 inquam,
1043 3030 1209 3096 aestiment
1225 3030 1277 3113 qui
1293 3028 1448 3114 ejusmodi

249 3139 326 3204 sunt
345 3137 590 3209 benedictionem
605 3143 637 3205 et
651 3141 900 3206 maledictionem
922 3143 1002 3225 apud
1018 3161 1051 3206 se
1066 3142 1149 3206 solos
1172 3159 1241 3206 esse
1263 3138 1447 3225 repositam,

252 3251 335 3316 solos
351 3268 419 3316 esee
433 3249 611 3318 benedictos
627 3270 705 3335 quos
720 3251 931 3319 benedixerint
953 3255 984 3319 et
1006 3253 1188 3318 maledictos
1208 3252 1241 3317 in
1256 3269 1333 3335 quos
1349 3249 1449 3315 male-

253 3360 335 3428 dicto
348 3361 389 3426 ad
402 3361 538 3446 pretium
553 3363 620 3427 auri
635 3365 667 3427 et
680 3363 802 3448 argenti
816 3363 1035 3448 congesserint,
1051 3364 1083 3428 iu
1098 3380 1230 3447 quorum
1246 3364 1329 3428 sorte
1341 3379 1450 3426 cense-

253 3475 306 3538 tur
320 3471 415 3538 etiam
428 3473 482 3538 ille
492 3491 544 3538 rer
555 3473 650 3538 Balac
661 3472 788 3557 ejusque
803 3473 921 3539 similes
937 3473 1162 3539 maledictionis
1177 3480 1321 3555 emtores
1339 3489 1450 3555 quam·

255 3583 312 3663 vis,
333 3583 471 3667 inquam,
492 3583 658 3650 desumant
679 3603 713 3649 se
734 3584 767 3648 iu
787 3583 846 3648 hac
868 3585 918 3651 ria
940 3603 996 3652 sua
1017 3584 1155 3671 pessima
1177 3603 1276 3668 usque
1298 3585 1331 3649 in
1352 3582 1448 3648 linem

254 3695 431 3779 prosperari
451 3698 506 3759 aut
528 3695 622 3760 etiam
644 3695 672 3760 si
693 3695 883 3778 aliquamdiu
903 3695 1018 3761 fuerint
1038 3696 1223 3780 prosperati,
1247 3696 1408 3780 ejicientur
1421 3695 1451 3780 4)

255 3809 360 3872 tamen
392 3807 516 3872 tandem
538 3807 576 3872 de
598 3807 725 3873 ecclesia
756 3807 814 3874 Dei
843 3809 965 3892 flagello
986 3809 1134 3874 divinitus
1168 3810 1291 3892 proviso
1322 3811 1354 3874 et
1374 3808 1453 3874 lorti

359 4097 378 4170 ¹)
395 4100 489 4164 Negari
508 4101 595 4148 nostro
613 4101 695 4150 aetate
714 4113 761 4150 nou
782 4102 869 4165 potest.
890 4098 979 4152 Glossa
999 4113 1078 4162 marg,
1099 4099 1132 4150 ab
1151 4116 1181 4151 ao
1202 4099 1280 4156 1525.

358 4197 378 4266 ²)
397 4197 468 4249 Petri
487 4196 513 4252 2.
534 4195 578 4251 14.

357 4291 380 4357 ¹)
397 4296 457 4350 Jud„
477 4294 522 4352 ll.

359 4393 380 4464 ⁴)
398 4396 486 4447 Glossa
500 4410 579 4459 marg.
594 4392 831 4448 lcaooeruono
846 4395 909 4459 jann
928 4395 1070 4448 rideres
1089 4395 1230 4460 impleri
1249 4395 1343 4446 illam
1364 4399 1454 4444 tuom

400 4493 503 4559 proph
511 4495 555 4544 oti
566 4507 620 4547 am.
