3158 5212
206 407 228 470 2

205 574 336 660 paravit
357 573 451 638 Adm.
468 591 536 637 rev,
552 571 587 635 P.
604 569 762 634 Reinerus
777 567 913 646 Reitter,
937 565 1143 630 doctissimus
1166 564 1288 629 sodalis
1311 583 1412 644 meus,

207 679 295 764 typis
317 673 520 742 mandandos
553 675 587 738 in
620 673 730 755 aliquo
768 669 972 754 sequentium
1009 666 1169 734 Thesauri
1202 667 1413 733 voluminum.

207 781 355 849 Raderus
376 780 501 847 unius
534 777 696 843 duntaxat
723 774 797 842 libri
828 773 869 838 de
891 771 1082 838 antichristo
1112 773 1269 855 meminit,
1299 778 1335 840 ut
1357 771 1414 856 qui

207 906 288 972 opus
304 885 410 971 ipsum
425 901 601 966 numquam
619 879 817 966 inspexerit:
842 877 902 944 sed
923 897 958 943 re
973 896 1052 942 vers
1066 875 1141 943 duo
1163 879 1270 944 011111.α
1294 877 1338 942 At
1352 895 1415 941 nec

206 1009 298 1072 unus,
321 1009 381 1054 neo
404 988 479 1070 duo,
513 985 572 1053 sed
605 1005 641 1051 re
662 1003 741 1051 nera
774 989 840 1048 tres
874 987 949 1046 sunt
982 980 1079 1064 hujus
1102 982 1210 1066 operis
1232 980 1274 1046 de
1296 980 1413 1046 invest.

206 1092 388 1160 antichristi
422 1091 505 1173 libri,
536 1090 584 1156 uti
614 1109 656 1154 ex
685 1081 896 1172 sequentibus
917 1086 1048 1170 paginis
1070 1105 1088 1152 e
1111 1085 1223 1152 codice
1245 1084 1415 1152 Reichers·

206 1196 356 1282 bergensi
378 1195 552 1280 diligenter
574 1192 746 1278 exscriptis
765 1191 901 1276 patebit.

306 1342 419 1410 (lodex
455 1342 680 1408 membraneus
712 1336 1035 1421 Reichersbergensis
1071 1359 1137 1404 non
1172 1338 1341 1423 inelegans
1377 1344 1415 1404 at

206 1446 361 1514 mendose
394 1448 534 1533 scriptus
567 1466 588 1512 a
620 1443 766 1530 pluribus
799 1444 930 1508 saeculo
960 1443 1046 1510 XIII
1078 1444 1227 1511 manibus
1259 1449 1416 1510 exaratus

208 1553 269 1618 118
304 1551 391 1620 loliis
424 1556 566 1632 constat,
605 1568 688 1633 quae
721 1547 819 1613 hosce
853 1552 919 1613 tres
952 1547 1054 1613 libros
1090 1547 1131 1613 de
1169 1548 1233 1615 inv.
1268 1547 1416 1615 Antichr.

207 1676 346 1722 unacum
362 1657 521 1723 Tractatu
536 1653 693 1721 adversus
709 1651 866 1733 Graecos,
891 1651 946 1734 qui
968 1658 1043 1737 post
1065 1651 1186 1719 librum
1203 1653 1237 1718 Π
1252 1653 1415 1733 inseritur,

206 1760 266 1826 sed
297 1781 363 1827 non
384 1762 529 1844 integros
552 1759 717 1825 continent
739 1757 816 1840 quia
837 1757 872 1820 in
892 1755 956 1821 fine
979 1755 1101 1822 codicis
1123 1777 1223 1823 unum
1244 1758 1297 1824 vel
1319 1757 1417 1843 plura

208 1864 289 1931 folia
311 1864 438 1932 desunt.

306 1995 358 2062 De
386 1992 451 2060 fide
483 1991 639 2058 historica
671 1988 884 2056 relationibus
917 1989 1019 2055 nostri
1053 1989 1195 2057 Gerhohi
1229 1989 1416 2059 exhibenda

208 2099 340 2165 consule
362 2098 488 2182 Kugler
511 2095 649 2162 Studien
671 2114 727 2159 aur
743 2091 937 2160 Geschichte
960 2094 1018 2159 des
1041 2095 1178 2161 aweiten
1194 2096 1413 2180 Kreucauges.

208 2202 373 2287 stuttgart
397 2201 481 2267 1866
503 2221 570 2286 pag
591 2199 643 2266 34.
772 2257 785 2282 ,

310 2337 448 2424 Scripsit
470 2335 639 2404 Gerhohus
660 2335 723 2401 1100
745 2353 827 2421 opus
850 2341 989 2402 exeunte
1012 2356 1097 2402 anno
1122 2338 1203 2403 1161
1226 2343 1259 2403 01
1281 2336 1414 2402 ineunte

211 2444 364 2510 1161111
387 2448 480 2528 patet
503 2462 544 2508 ex
567 2461 660 2526 capp.
682 2439 733 2506 61.
756 2441 806 2507 82.
830 2446 904 2525 post
928 2439 1107 2507 Concilium
1120 2442 1320 2508 Tolosanum
1342 2461 1412 2526 cap.

209 2548 261 2613 61.
306 2546 476 2626 Quaedam
507 2565 584 2612 vero
618 2564 712 2629 capp.
745 2545 793 2610 uti
828 2563 898 2630 cap.
921 2545 962 2610 89
995 2545 1169 2630 posteriori
1202 2551 1348 2631 tempore
1380 2546 1414 2611 in

209 2651 395 2717 recensione
418 2652 532 2734 altera,
554 2670 627 2716 cum
651 2647 835 2715 Oardinalis
857 2648 1062 2734 Hyacinthus
1088 2650 1229 2735 priorem
1250 2653 1414 2734 retineret,

210 2754 367 2840 adjuncta
388 2754 556 2837 videntur3
579 2754 691 2820 forsan
714 2775 744 2819 a.
770 2754 948 2820 1167-68.

311 2893 417 2977 Hujus
437 2893 545 2977 operis
560 2889 729 2958 Gerhohus
750 2890 822 2974 ipse
845 2891 976 2975 saepius
991 2894 1187 2956 mentionem
1210 2891 1290 2957 facit
1311 2911 1339 2958 0.
1367 2911 1414 2975 gr.

208 2996 249 3062 de
273 3004 390 3081 quarta
422 2998 536 3081 vigilia
568 2998 673 3064 noctis
691 3014 760 3061 nro.
785 2996 835 3060 18.
874 2995 983 3080 „Haec
1007 2994 1103 3076 dicta,
1127 2996 1241 3078 inquit,
1275 2997 1317 3061 de
1352 2996 1411 3060 im·

208 3100 327 3167 mundo
366 3101 555 3168 antichristo
577 3122 663 3168 nunc
684 3099 857 3179 sufficiant,
892 3099 1045 3182 quoniam
1079 3099 1162 3164 alias
1185 3098 1261 3165 inde
1284 3099 1415 3185 plenius

211 3207 421 3273 disseruimus
443 3207 487 3273 ad
509 3207 611 3274 nostri
635 3205 790 3291 temporis
801 3204 967 3268 Romanos
988 3203 1158 3287 pontifices
1181 3204 1416 3284 Innocentium,

212 3310 356 3392 Lucium,
387 3311 579 3395 Eugenium,
613 3308 793 3375 Adrianum
815 3312 848 3371 et
870 3306 1045 3372 novissime
1067 3306 1110 3372 ad
1132 3328 1253 3392 papam
1274 3308 1417 3373 Alexan·

212 3414 322 3495 orum,
346 3415 495 3497 quamvis
509 3414 588 3480 mihi
605 3414 646 3478 de
662 3412 800 3479 simonia
822 3418 856 3476 et
871 3411 1088 3477 concubinatu
1104 3411 1193 3476 dicta
1207 3411 1418 3492 videantur;“

212 3518 282 3584 libr.
307 3519 348 3584 de
370 3518 434 3584 fide
455 3538 525 3604 cap.
548 3517 578 3584 5.
596 3516 818 3602 „Opnsculum
841 3515 881 3581 de
904 3515 992 3581 illius
1017 3515 1142 3580 bestiae
1165 3515 1417 3600 investigatione

212 3621 368 3707 scriptum
389 3623 593 3708 porreximus
619 3617 1130 3704 antehacHyacinthoCardinali
1146 3619 1417 3704 perspiciendum,

213 3726 372 3810 nobisque
384 3726 585 3792 reddendum
597 3732 695 3809 atque
708 3723 942 3808 conIgendum,
955 3729 1052 3807 prout
1064 3730 1236 3810 oporteret.
1261 3724 1334 3790 Sed
1349 3724 1418 3790 ille

213 3829 283 3895 hoc
304 3850 380 3896 non
403 3829 586 3898 reddidit.
611 3828 706 3896 Unde
722 3829 749 3895 si
765 3829 909 3912 quidest
931 3831 964 3894 in
987 3849 1026 3894 00
1053 3828 1251 3895 correctione
1267 3829 1418 3913 indigens

212 3933 306 3999 nobis
327 3954 392 3999 non
415 3934 513 4002 debet
534 3934 719 4020 imputari.“
734 3969 777 3980 —
792 3934 883 3998 Haec
906 3933 1020 3998 ultima
1043 3933 1152 4014 verba,
1177 3952 1297 4016 quaeso
1321 3932 1418 3998 bene·

213 4037 286 4102 vole
320 4037 432 4119 lector,
464 4039 615 4122 aspicias,
638 4040 666 4105 si
689 4058 772 4122 quae
795 4038 855 4102 tibi
878 4037 983 4103 minus
1012 4043 1099 4103 recte
1122 4037 1211 4103 dicta
1236 4036 1418 4103 videantur.

316 4186 367 4250 En
388 4184 492 4250 amice
513 4185 624 4268 lector,
659 4183 747 4268 quod
769 4185 804 4250 P.
828 4185 923 4251 Beru.
948 4187 1012 4251 Pec
1033 4184 1191 4270 promisit,
1215 4183 1301 4268 quod
1325 4182 1418 4249 (iret-

214 4308 305 4355 serus
327 4294 361 4354 et
383 4290 414 4356 J.
437 4289 530 4356 Stilln
563 4309 605 4355 ex
631 4295 726 4376 parte
744 4289 815 4373 jam
838 4288 1031 4375 implevere,
1065 4309 1126 4373 ego
1149 4307 1234 4354 nuno
1257 4287 1300 4354 ad
1323 4287 1419 4354 finem

214 4393 435 4462 desideratum
456 4393 589 4476 deduxi,
612 4414 728 4478 nempe
743 4430 787 4444 -
801 4397 912 4478 magni
928 4393 1071 4461 Gerhohi
1094 4394 1194 4460 libros
1215 4394 1267 4460 III
1290 4392 1331 4459 de
1354 4393 1418 4460 inv,

214 4498 408 4570 Antichristi
432 4518 516 4565 nunc
538 4497 677 4586 primum
699 4499 846 4584 integros
868 4500 1040 4584 evulgatos
1063 4497 1123 4563 tibi
1145 4496 1255 4566 offero.
