3172 5202
218 375 281 476 reo

216 578 478 644 abominationem
510 578 719 656 desolationis,
754 581 832 662 quae
866 579 948 644 dicta
981 583 1030 644 est
1051 598 1070 645 a
1092 579 1220 645 Daniele
1251 577 1414 664 propheta,

214 691 344 776 insuper
363 709 435 755 vero
458 692 490 756 et
511 707 530 754 a
551 690 685 755 Domino
708 692 816 755 nostro
839 691 917 756 Jesu
940 690 1063 758 Christo
1081 692 1115 756 in
1137 690 1304 774 Evangelio
1327 705 1416 772 prae·

216 803 300 868 dicta
330 802 425 867 latius
456 802 580 888 evagati
601 820 639 866 au
660 801 777 866 diutius
810 802 842 865 in
876 803 1042 867 extruendo
1077 800 1230 884 ejusmoni
1250 799 1415 866 bestialem

215 911 394 998 indaginem
418 914 577 980 immorati
589 933 707 993 sumus,
730 931 775 993 ea,
799 933 879 997 quae
901 916 979 980 duce
1000 919 1108 981 sancto
1124 915 1241 999 Spiritu
1263 913 1416 998 sagaciori

214 1013 449 1108 investigationi
481 1025 617 1108 reposita
640 1028 722 1104 sunt,
755 1021 796 1088 ab
826 1026 887 1090 alio
921 1026 1072 1091 sumenda
1105 1024 1249 1091 videntur
1281 1025 1415 1106 exordio,

215 1139 410 1223 cumprime
433 1151 478 1217 ea,
502 1154 581 1220 quae
601 1135 680 1203 Jesu
703 1135 819 1202 Christi
847 1136 941 1202 simul
963 1139 995 1203 et
1016 1136 1163 1202 ecclesiae
1183 1137 1310 1222 propria
1332 1141 1417 1204 cato·

207 1269 273 1316 nus
306 1247 566 1332 praemiserimus,
600 1248 752 1329 quatenus
775 1246 815 1310 ad
837 1249 963 1312 nostrae
993 1246 1176 1313 intentionis
1210 1250 1350 1315 tenorem
1383 1250 1415 1315 et

215 1343 391 1428 antichristi
423 1359 652 1446 oppositionem
684 1360 824 1441 spectare
855 1357 1009 1424 videntur.
1053 1359 1091 1424 Id
1113 1378 1187 1425 sane
1207 1359 1240 1425 in
1260 1360 1414 1444 praesent·

213 1468 318 1541 libello
340 1468 467 1537 interim
485 1468 709 1553 investigatum
724 1487 795 1534 esse
809 1466 954 1548 sufficiat,
978 1470 1132 1552 qnodres,
1156 1471 1193 1536 de
1216 1489 1278 1557 qua
1299 1471 1413 1556 agitur,

214 1583 485 1668 ihtestigationem
507 1577 662 1648 admittat.
691 1579 776 1647 Nam
798 1580 879 1645 sicut
901 1579 1073 1664 Babylonia
1095 1581 1133 1646 de
1155 1600 1217 1665 qua
1237 1582 1414 1647 nasciturus

214 1695 327 1761 dicitur
349 1693 550 1759 antichristus
573 1711 636 1757 non
658 1693 760 1758 solum
782 1691 835 1756 illa
857 1691 1039 1775 metropolis
1055 1691 1162 1776 Syriae
1184 1693 1238 1758 sed
1260 1696 1293 1758 et
1307 1693 1415 1758 'Romu

215 1804 324 1872 civitas
357 1802 484 1889 tropice,
517 1803 644 1886 insuper
677 1821 749 1869 uero
781 1805 813 1868 et
841 1802 950 1868 mundi
980 1802 1074 1887 hujus
1097 1803 1130 1868 in
1151 1805 1288 1888 maligno
1321 1803 1416 1888 positi

215 1905 355 1986 ‘conlusio
389 1916 473 1980 recte
505 1913 589 1978 valet
617 1913 751 1998 intelligi
772 1916 804 1979 et
826 1913 1088 1996 quemadmodum
1122 1919 1250 1981 sanctus
1272 1915 1359 1981 locus
1381 1914 1416 1980 in

215 2030 276 2111 quo
298 2026 418 2094 statura
451 2022 564 2092 dicitur
597 2023 787 2090 abominatio
822 2024 1020 2090 desolationis
1044 2027 1075 2090 et
1096 2026 1249 2109 templum
1281 2023 1313 2090 in
1349 2043 1413 2108 quo

215 2152 359 2206 sessurus
380 2135 464 2202 filius
485 2134 667 2219 perditionis
697 2136 737 2200 ad
758 2136 819 2200 duo
842 2135 1069 2219 aequivocatur,
1092 2137 1131 2202 ad
1154 2138 1309 2221 templum
1329 2135 1416 2201 ride-

212 2249 287 2316 licet
306 2245 469 2334 duodlibet
499 2245 714 2312 manufactum
736 2249 767 2312 et
791 2247 963 2327 ecclesiam,
999 2266 1076 2331 quae
1100 2250 1148 2314 est
1169 2249 1322 2332 templum
1355 2245 1415 2312 Dei

213 2359 286 2442 rivi,
309 2359 453 2428 columna
476 2361 508 2424 et
528 2358 761 2424 firmamentum
794 2358 934 2424 veritatis
972 2359 1009 2424 de
1033 2377 1093 2442 quo
1115 2377 1197 2424 nunc
1219 2357 1333 2442 partim
1354 2376 1413 2443 pru

214 2471 340 2539 modulo
372 2465 480 2537 nostro
513 2471 682 2535 tractatum
712 2471 776 2534 est:
808 2469 853 2535 ita
876 2472 907 2534 et
929 2467 1016 2534 llliae
1037 2471 1086 2536 uel
1119 2471 1254 2537 duorum
1283 2470 1412 2535 testium

214 2585 365 2652 adrentus
387 2584 492 2667 potest
512 2580 657 2646 bilariam
673 2580 695 2645 i.
711 2601 736 2647 e.
754 2581 803 2646 vel
825 2581 993 2665 corporalis
1015 2583 1065 2646 vel
1087 2582 1256 2665 spiritualis
1270 2581 1413 2668 intelligi,

214 2701 251 2764 ut
271 2688 415 2762 videlicet
436 2686 520 2759 Elias
541 2695 573 2759 et
593 2692 700 2758 Enoch
736 2695 792 2757 aut
813 2695 896 2757 certe
917 2691 1001 2758 Elias
1024 2695 1056 2758 et
1078 2693 1204 2778 Moyses
1226 2693 1258 2758 in
1281 2693 1414 2777 propriis

214 2807 354 2892 personis
387 2808 442 2870 aut
476 2804 530 2869 alii
556 2803 589 2868 in
612 2822 720 2869 eurum
754 2803 866 2886 spiritu
899 2803 1033 2868 veniant.
1078 2803 1228 2871 Similiter
1250 2808 1282 2870 et
1303 2804 1418 2870 occisio

217 2917 385 2985 eorundem
418 2918 523 2999 potest
555 2913 675 2979 duobus
698 2914 799 2979 modis
821 2913 843 2980 i.
866 2934 893 2978 e.
915 2914 1085 2980 materialis
1116 2917 1148 2980 et
1170 2915 1340 2998 spiritualis
1362 2920 1419 2982 aut

216 3031 299 3094 certe
320 3027 453 3109 utroque
487 3026 581 3090 medo
612 3025 722 3111 accipi,
756 3023 833 3090 nihil
854 3024 966 3090 horum
989 3026 1218 3091 contradicente
1241 3046 1295 3091 seu
1316 3028 1419 3093 deter-

215 3137 331 3202 minate
352 3137 510 3200 asserente
522 3135 684 3219 scriptura.
710 3133 771 3202 Sed
793 3137 825 3200 et
846 3136 884 3201 de
905 3136 1006 3202 tribus
1026 3137 1150 3221 regibus
1172 3137 1212 3202 ab
1235 3138 1417 3204 antichristo

216 3246 395 3331 superandis
428 3245 608 3331 prophetico
642 3245 808 3310 locutionis
843 3246 935 3310 modo
969 3265 1025 3330 per
1058 3246 1218 3312 Danielem
1251 3248 1310 3314 sub
1343 3252 1417 3333 typo

215 3360 363 3426 Antiochi
396 3357 526 3423 obscure
559 3357 678 3423 dictum
712 3360 774 3435 est,
811 3357 856 3421 ita
888 3360 922 3422 ut
946 3377 1040 3441 super
1063 3357 1194 3440 singulis
1227 3359 1277 3424 his
1310 3360 1363 3424 sed
1387 3363 1419 3425 et

216 3489 310 3556 super
332 3470 509 3535 charactere
531 3469 715 3534 eonomine
746 3469 864 3534 bestiae
886 3468 1084 3552 investigatio
1106 3487 1169 3534 nou
1191 3470 1293 3535 solum
1314 3472 1418 3535 locum

215 3579 337 3660 habeat,
360 3581 414 3647 ssd
437 3583 468 3646 et
490 3581 578 3645 valde
596 3580 824 3662 pernecessaria
846 3578 897 3658 sit,
921 3580 948 3643 si
969 3579 1050 3645 forte
1064 3578 1194 3644 inveniri
1208 3583 1318 3665 possit,
1343 3582 1418 3665 quid

217 3692 298 3756 inter
331 3691 407 3756 haec
441 3690 587 3776 ambigua
616 3695 647 3757 et
670 3690 801 3786 obscura
834 3692 934 3775 magis
967 3691 1134 3755 tenendum
1167 3693 1246 3756 ratio
1279 3694 1418 3772 suadeat,

217 3802 369 3885 scriptura
401 3820 463 3868 non
496 3803 736 3869 contradicente.
780 3801 841 3868 Sed
862 3803 938 3868 haec
959 3803 1082 3868 favente
1114 3802 1249 3870 Domino
1284 3806 1418 3870 eumad

216 3914 248 3980 id
267 3915 397 3980 'tentum
420 3914 514 3981 luerit
546 3933 677 3999 sequens
699 3914 899 3999 investigatio
922 3911 1101 3981 attentabit.
1109 3914 1132 3995 1)

317 4188 336 4258 ¹)
355 4190 445 4243 Glossa
462 4205 543 4256 marg.
562 4194 588 4242 in
608 4190 658 4242 line
676 4191 753 4258 hujus
772 4191 848 4244 libri:
871 4191 1002 4245 Gethohel
1022 4192 1048 4244 Si
1069 4197 1217 4259 remeunt,
1236 4195 1348 4261 quaein
1368 4191 1417 4245 hoc

360 4291 440 4354 primo
459 4288 527 4342 libro
546 4291 681 4356 scripsisti,
709 4305 799 4344 resera
817 4293 896 4342 nimia
914 4296 980 4344 sunt.
1018 4292 1046 4344 si
1065 4291 1139 4343 modo
1158 4293 1260 4344 viveres
1285 4307 1327 4343 cor
1346 4297 1417 4344 tuum

358 4391 485 4440 sincerum
503 4388 583 4454 pullio
602 4387 733 4442 obducere
751 4389 859 4442 deberes
872 4393 895 4442 si
909 4393 1195 4443 excommunicationem
1213 4391 1327 4457 effugere
1338 4390 1420 4446 velles

362 4484 442 4544 1671.
