3172 5202
243 341 305 408 168
360 375 363 384 v

242 513 374 598 qualiter
390 511 503 583 ¹eadem
525 509 642 597 regalis
663 528 761 594 usque
783 509 823 577 ad
845 514 988 596 tempora
1003 507 1148 597 Gregorii
1170 510 1296 598 septimi
1318 509 1444 582 defensa

148 637 151 646 ·
242 625 324 704 sunt,
358 622 392 688 in
424 620 536 707 quibus
569 621 719 688 nimirum
741 620 933 707 temporibus
968 639 1025 688 nec
1047 620 1230 692 fidelitatem
1246 621 1354 707 jurare
1383 643 1441 694 neo

241 735 405 822 pecuniam
437 737 559 801 tantam
579 752 638 820 pro
660 732 810 801 fidelitate
828 732 963 817 juranda
994 733 1164 820 expendere
1184 734 1219 800 in
1240 737 1357 821 populo
1377 736 1442 804 Ro·
1562 763 1563 788 i

242 863 334 912 mono
367 846 510 912 auditum
544 845 604 913 luit
626 849 657 911 et
679 849 794 926 tamen,
828 847 864 910 ut
885 848 996 911 notum
1019 848 1077 926 est,
1111 845 1222 912 eadem
1253 847 1442 931 pontificalia

155 992 157 998 .
241 958 336 1024 simul
358 961 389 1024 et
411 957 529 1042 regalia
564 956 641 1022 adeo
675 956 801 1022 defensa
823 959 906 1036 sunt,
940 959 977 1021 ut
1009 955 1120 1023 beatus
1143 957 1313 1043 Gregorius
1349 977 1441 1044 quom

239 1069 343 1154 plures
365 1070 398 1134 in
420 1069 550 1136 diuersis
587 1069 754 1153 provinciis
777 1067 957 1135 echonimos
979 1067 1109 1135 haberet
1131 1072 1163 1135 et
1185 1089 1221 1135 ex
1242 1071 1441 1156 praediorum

241 1181 522 1249 ecclesiastieorum
544 1181 714 1248 redditibus
743 1179 863 1246 Romae
885 1179 946 1246 trio
967 1180 1054 1246 milia
1075 1181 1233 1266 virginum
1255 1179 1314 1248 sub
1335 1183 1441 1268 regula

240 1296 391 1381 posceret,
429 1293 563 1378 exeeptis
597 1293 666 1358 aliis
689 1292 749 1359 Dei
781 1291 907 1358 famulis
944 1293 1036 1376 longe
1068 1293 1118 1358 vel
1139 1310 1236 1378 prope
1257 1293 1374 1378 positis.
1398 1329 1440 1340 -

242 1408 302 1474 Sed
324 1408 439 1486 dieunt,
465 1405 611 1490 quoniam
632 1402 743 1470 habuit
769 1404 899 1471 ecclesia
914 1404 1055 1470 Romana
1077 1408 1109 1470 et
1130 1403 1205 1470 urbs
1226 1404 1287 1470 illis
1308 1404 1340 1470 in
1359 1407 1442 1470 tem·
1562 1397 1563 1476 ζ

239 1518 367 1603 poribus
400 1518 555 1604 imperiali
588 1517 660 1584 sedo
682 1517 715 1580 in
737 1519 840 1600 partes
875 1514 1010 1582 Orientis
1040 1515 1204 1598 translate,
1236 1516 1377 1600 patritios
1399 1516 1441 1583 ab
1562 1533 1563 1618 ᾗ

239 1627 480 1715 imperatoribus
503 1627 691 1694 constitutos
714 1629 764 1693 uel
786 1644 805 1691 a
824 1624 965 1710 patribus
989 1630 1020 1693 et
1034 1627 1149 1710 populo
1171 1628 1321 1712 expetitos
1340 1647 1441 1712 osque
1562 1627 1563 1678 l

239 1741 279 1806 ad
300 1745 443 1825 temporo
475 1756 574 1824 popae
597 1738 727 1804 Adriani
748 1739 775 1805 Ι.
809 1741 841 1804 et
863 1735 979 1804 Leonis
1003 1736 1177 1819 Pontificis‚
1213 1739 1266 1823 qui
1296 1738 1442 1806 uidelicet
1562 1749 1563 1804 ΐ

240 1851 364 1936 patricii
396 1869 451 1935 pro
486 1869 543 1917 sua
574 1849 785 1935 possibilitate
808 1870 845 1917 ex
867 1868 964 1940 quo„
980 1853 1016 1918 ut
1038 1851 1157 1916 dictum
1179 1853 1237 1933 est,
1271 1851 1440 1936 imperialis

240 1962 327 2028 sedes
351 1961 654 2046 Constantinopolim
683 1962 836 2028 translata
869 1964 927 2041 est
964 1978 1072 2048 paoem
1105 1961 1226 2047 patriae
1246 1962 1387 2028 similiter
1408 1964 1441 2029 et

239 2073 357 2158 regalia
391 2076 484 2158 atque
504 2071 697 2156 pontificalia
718 2071 750 2139 b.
774 2064 862 2138 Petri
895 2071 1113 2152 delendorum
1146 2077 1311 2158 postquem
1332 2076 1439 2140 autem

239 2182 498 2251 insolescentibus
534 2185 641 2248 eontra
663 2183 823 2250 ciuitatem
845 2183 1059 2268 longobardis
1090 2184 1228 2269 dignitas
1250 2187 1279 2262 ot
1299 2182 1439 2252 officium
1562 2205 1563 2220 ¹

239 2295 422 2383 patriciatus
457 2293 651 2360 insufficiens
683 2295 722 2360 ad
751 2293 977 2362 defendendum
1010 2295 1189 2382 comparuit
1222 2296 1314 2364 etiam
1347 2315 1437 2382 reges

239 2407 431 2473 Francorum
454 2405 486 2471 in
508 2405 719 2472 defensionem
752 2405 871 2490 patriae
893 2406 1035 2480 aduocati
1058 2410 1141 2474 sunt.
1185 2409 1323 2492 Quorum
1345 2427 1437 2492 unus,

239 2519 376 2586 Karolus
409 2517 553 2586 uidelicet
584 2517 713 2602 primus,
747 2517 908 2584 Desiderio
942 2537 1014 2604 rege
1036 2517 1313 2604 Longobardorum
1336 2524 1437 2606 capto,

240 2631 391 2716 patricius
428 2628 515 2696 urbis
537 2629 711 2714 appellatus
731 2631 790 2694 est.
835 2627 994 2695 Secundus
1016 2647 1089 2695 uero
1111 2629 1245 2696 Karolus
1266 2631 1440 2715 Imperator
1562 2639 1563 2664 ¹

239 2745 270 2809 et
293 2741 456 2827 Augustus
478 2759 497 2806 a
519 2743 586 2806 toto
606 2741 735 2825 populo,
758 2739 885 2807 Graecis
909 2759 1041 2825 quoque,
1075 2741 1129 2825 qui
1150 2744 1224 2808 tunc
1244 2740 1362 2808 Romae
1384 2743 1439 2810 ad·
1562 2763 1563 2816 l

240 2854 336 2931 erent,
360 2849 623 2918 consentientibus
646 2852 835 2918 acclamatus
860 2855 917 2932 est,
941 2853 1016 2935 quin
1032 2856 1063 2919 et
1077 2853 1268 2938 imperialem
1290 2870 1438 2922 coronam

239 2983 293 3048 per
314 2961 560 3028 benedictionem
581 2962 793 3047 pontificalem
810 2964 940 3048 adeptus
958 2968 980 3052 ¹)
1003 2985 1039 3030 eo
1055 2965 1137 3050 quod
1152 2965 1323 3050 peripsum
1338 2969 1438 3050 patrie
1562 2998 1563 3030 l

239 3073 323 3154 urbs,
357 3073 500 3139 uidelicet
522 3073 631 3153 Roma,
667 3071 708 3137 ab
740 3074 938 3142 infestatione
961 3075 1240 3162 Longobordorom
1265 3077 1367 3145 occiso
1390 3081 1437 3145 ni·

239 3185 354 3250 mirum
376 3181 521 3267 ligolulfo
544 3203 617 3267 rege
639 3183 779 3268 ipsorum
801 3185 932 3252 liberata
955 3188 1004 3255 sit.
1028 3188 1108 3271 Quia
1130 3205 1198 3254 uero
1221 3189 1253 3252 et
1275 3188 1357 3256 ciues
1375 3189 1438 3256 Ro·
1562 3253 1563 3264 ἶ

239 3296 323 3361 mani
344 3296 376 3360 in
399 3295 547 3380 eligendis
568 3295 718 3362 Romanis
746 3297 950 3364 Pontificibus
984 3317 1094 3384 greum
1131 3300 1209 3364 inter
1230 3317 1263 3364 se
1287 3300 1436 3366 scissuras
1562 3335 1563 3390 4

237 3407 385 3489 fecerent,
420 3425 500 3492 quae
522 3407 582 3476 nisi
604 3406 731 3492 majoris
753 3411 919 3494 potestatis
952 3411 1139 3478 auctoritate
1161 3410 1259 3477 sederi
1280 3429 1343 3476 non
1364 3430 1438 3496 pos·
1562 3391 1563 3452 ἶ

239 3522 317 3600 sont,
339 3519 458 3604 placuit
472 3518 567 3585 etiam
583 3518 722 3602 ejusdem
736 3522 885 3605 temporis
900 3521 1050 3590 Romanis
1073 3521 1274 3589 Pontificibus
1298 3523 1435 3590 Adriano
1562 3527 1563 3599 l

239 3630 382 3698 uidelicet
404 3634 435 3697 et
457 3630 554 3697 Leoni
576 3635 728 3715 quatenus
752 3633 869 3700 eisdem
887 3635 1014 3720 regibus
1036 3636 1225 3700 Francorum
1244 3633 1313 3717 jam
1334 3634 1436 3721 impe·
1562 3711 1563 3718 ἵ

239 3739 393 3806 tatoribus
414 3739 506 3807 sactis
528 3741 742 3808 Romanorum
774 3743 943 3830 privilegiis
967 3745 1192 3826 confirmarent,
1228 3748 1381 3830 quatenns
1404 3747 1436 3814 in

239 3850 388 3936 eligendis
422 3856 453 3917 et
487 3853 664 3919 ordinandis
698 3856 846 3921 Romanis
881 3857 1084 3924 Pontificibus
1113 3857 1164 3940 jus
1196 3859 1227 3922 et
1248 3859 1435 3942 potestatem

238 3962 298 4049 ipsi
319 3968 351 4031 et
372 3980 567 4030 successores
601 3983 709 4032 eorum
731 3967 764 4032 in
786 3971 973 4054 perpetuum
1006 3965 1219 4053 obtinerentl)
1254 3969 1308 4034 sed
1330 3973 1362 4035 et
1382 3989 1436 4055 por

341 4228 359 4293 1)
381 4227 436 4280 eod.
456 4229 585 4295 indeptus.

339 4324 360 4393 ²)
378 4325 465 4378 confer
483 4342 560 4394 supra
579 4344 633 4394 esp.
661 4329 703 4384 16.
729 4327 820 4386 Cliton.
849 4331 998 4386 Reiclrersb.
1024 4331 1057 4386 ed
1083 4333 1188 4387 oswold
1213 4333 1254 4388 ed.
1276 4351 1316 4389 eu.
1337 4335 1391 4390 774
1410 4343 1433 4388 et

382 4424 442 4478 957.
463 4426 565 4478 Gretser
585 4425 632 4493 Op.
653 4426 701 4484 vl.
721 4445 745 4495 p.
766 4429 828 4484 180.
848 4429 910 4486 212.
931 4430 992 4486 366.
1013 4431 1075 4485 396.
