3168 5190
1266 404 1328 468 273

127 571 222 636 nobis
238 574 287 635 est
301 567 458 634 homiuem
474 585 587 652 eorpus
603 568 713 647 dicere,
730 567 884 652 scriptura
899 587 1021 653 quoque
1036 569 1089 649 ait,
1106 573 1225 637 omnis
1243 591 1327 638 earo

128 680 167 745 lo
177 698 252 746 enu
260 678 441 766 m,1)oamis
453 677 638 761 apellatione
648 678 754 744 volens
766 679 924 745 homiuem
934 679 1328 769 intelligiltemaliasorip-

128 796 202 860 tura
217 792 282 858 ait:
304 790 500 875 Quoniam
522 788 873 856 deseenditJaoob
895 789 1227 875 iuAegyptumin
1243 795 1329 859 ani-

128 901 1328 988 mabusseptuaginta²)peranimasseptuagintaejusdemuumerivolens

128 1016 272 1082 homines
287 1015 428 1100 intelligi.
446 1014 534 1082 Siout
548 1014 630 1079 enim
640 1015 726 1078 totus
738 1011 831 1078 horno
843 1031 954 1096 eorpus
966 1016 1015 1092 yel
1026 1035 1190 1099 corporeus
1203 1022 1330 1103 propter

129 1128 265 1195 formam
287 1127 423 1212 corporis
446 1128 491 1193 ita
512 1130 598 1192 totus
620 1124 724 1189 anima
743 1124 790 1188 vel
814 1125 929 1189 animal
951 1129 1006 1190 aut
1027 1126 1169 1193 animalis
1202 1131 1330 1213 propter

131 1239 304 1325 spiritualis
338 1239 489 1304 essentiae
521 1237 654 1302 sormam
689 1253 780 1320 quam
815 1237 899 1299 totus
933 1236 1098 1321 participat
1130 1256 1192 1303 non
1214 1237 1330 1322 injuste

131 1353 269 1416 vocatur.
294 1349 443 1416 Similiter
465 1367 537 1433 ergo
561 1350 593 1413 et
608 1346 750 1415 Christus
773 1354 856 1415 reete
878 1351 910 1415 in
933 1350 1168 1434 siugulis,reote
1190 1355 1222 1418 et
1237 1353 1330 1419 simul

129 1461 162 1526 in
182 1459 283 1526 tribus
308 1478 382 1526 suae
413 1476 565 1543 personae
587 1459 729 1524 essentiis
752 1459 944 1544 intelligitur,
979 1465 1015 1526 nt
1036 1481 1107 1528 earo
1131 1462 1246 1529 Christi
1268 1482 1330 1530 non

131 1571 232 1637 solnm
256 1570 372 1640 Christi
406 1571 460 1637 sed
483 1573 515 1637 et
537 1569 678 1636 Christus
702 1571 752 1650 sit,
788 1574 819 1636 et
841 1571 944 1636 anima
966 1572 1092 1656 Christi,
1126 1575 1164 1639 de
1186 1591 1246 1657 qua
1269 1575 1329 1640 ait:

131 1681 265 1748 tristis
299 1685 362 1747 est
396 1682 527 1746 anima
560 1701 644 1746 mea
676 1684 872 1766 usquead
894 1683 1101 1766 mortem³l
1132 1704 1194 1750 non
1228 1687 1330 1754 solum

131 1791 247 1860 Christi
269 1794 324 1858 sed
346 1795 378 1859 et
399 1792 541 1860 Christus
564 1793 606 1858 sit
628 1797 659 1859 et
682 1793 834 1879 sapientia
856 1794 924 1874 Dei,
947 1812 1026 1879 quae
1048 1803 1078 1862 et
1091 1795 1239 1878 Verbum,
1262 1816 1325 1864 non

133 1904 234 1970 solum
257 1903 372 1972 Christi
407 1904 461 1971 sed
484 1907 516 1970 et
537 1904 679 1972 Christus
712 1905 764 1972 sit.
808 1903 880 1971 Non
902 1908 1006 1972 tamen
1029 1911 1093 1974 tres
1128 1905 1242 1975 Christi
1276 1910 1330 1975 sed

132 2035 211 2083 nnus
234 2019 284 2082 ost
306 2015 458 2083 Christus.
503 2015 668 2100 Quodlibet
700 2016 782 2082 enim
815 2016 910 2083 trium
944 2016 1057 2084 horum
1089 2019 1218 2100 dixeris,
1253 2038 1330 2103 quae

133 2128 251 2198 Christi
272 2131 354 2208 suut,
377 2146 439 2193 nou
453 2129 530 2194 illud
545 2128 712 2212 separatim
734 2129 788 2194 sed
803 2147 859 2194 neo
874 2131 999 2213 partem
1014 2128 1131 2195 Christi
1151 2131 1205 2196 sed
1229 2133 1330 2197 totum

133 2239 293 2308 Christum
314 2239 506 2324 significasti.
551 2239 623 2306 Nou
645 2240 727 2306 enim
761 2240 841 2306 siout
872 2241 991 2307 dietum
1024 2245 1075 2308 ost
1105 2243 1151 2307 ita
1173 2261 1208 2308 er
1230 2242 1331 2308 tribus

133 2352 275 2418 essentiis
297 2351 482 2417 confitemur
504 2349 675 2430 Christum,
698 2352 781 2416 utin
796 2352 927 2436 singulis
943 2371 1066 2436 quoque
1088 2353 1185 2417 trium
1206 2355 1332 2437 propter

133 2464 286 2529 unitatem
317 2479 469 2548 personae
491 2461 634 2529 Christus
668 2461 861 2528 confitendus
895 2481 957 2528 uon
980 2463 1021 2529 sit
1044 2464 1098 2529 sed
1120 2485 1156 2529 er
1178 2462 1278 2529 tribus
1301 2467 1333 2530 et

133 2572 286 2639 intribus
309 2574 451 2640 essentiis
475 2572 616 2642 Christus
639 2573 832 2640 confitendus
854 2577 911 2639 est.
937 2575 1024 2639 Duae
1046 2591 1179 2658 namque
1202 2577 1332 2640 naturae

133 2684 164 2750 iu
196 2684 262 2751 suis
294 2683 466 2750 rationibus
500 2685 660 2751 salvantur
692 2686 725 2750 iu
748 2685 870 2752 Christo
905 2689 936 2750 et
968 2686 1107 2770 integrae
1139 2690 1332 2772 permanent,

99 2829 101 2834 ·
134 2813 265 2880 quarum
288 2800 397 2863 neutra
412 2797 444 2861 in
459 2798 589 2863 alteram
611 2800 789 2883 permutata
811 2801 867 2877 est,
888 2797 991 2862 divina
1006 2796 1124 2863 scilieet
1138 2801 1170 2862 et
1186 2796 1331 2878 humana,

134 2927 265 2993 quarum
280 2912 389 2975 neutra
404 2910 442 2975 ds
457 2913 555 2977 altera
569 2912 652 2976 valet
666 2908 828 2990 enuntiari,
841 2909 885 2974 ita
902 2911 938 2973 nt
953 2908 1097 2974 diviuitas
1113 2929 1180 2975 esse
1191 2908 1333 2976 humani·

134 3023 181 3087 tas
196 3025 253 3086 aut
267 3021 446 3089 humanitas
462 3042 530 3089 esse
545 3023 689 3088 divinitas
712 3040 847 3104 oougrne
868 3038 904 3086 ao
926 3038 997 3085 vero
1018 3021 1200 3107 enuntiari⁴)
1222 3022 1332 3106 possit,

134 3133 275 3215 quamvis
291 3135 375 3200 Dens
398 3153 466 3200 esse
480 3133 574 3199 homo
590 3136 621 3199 et
637 3132 730 3198 homo
753 3152 821 3198 esse
836 3132 920 3197 Deus
943 3130 1093 3197 catholieo
1109 3137 1141 3199 et
1156 3154 1226 3201 vere
1248 3133 1333 3199 omni

133 3252 253 3316 semota
268 3248 522 3314 determinatione
536 3243 761 3330 pronuntietur.
778 3247 859 3329 Quid
871 3251 919 3313 est
932 3262 1004 3328 ergo
1018 3247 1099 3329 quod
1114 3247 1212 3330 ajunt,
1224 3245 1251 3310 si
1263 3263 1332 3327 sup-

132 3361 235 3444 posita
250 3358 525 3424 naturahomiuem
536 3360 637 3425 Deum
653 3357 765 3422 timens
780 3355 970 3442 negamus,⁵)
983 3357 1010 3420 si
1026 3357 1187 3441 supposita
1201 3373 1332 3439 persona

133 3471 356 3538 concedimus?
378 3469 454 3550 Quis
470 3470 552 3534 euim
567 3473 632 3535 tam
647 3469 762 3546 fatuus,
778 3472 815 3534 ut
829 3471 973 3551 loquente
991 3468 1094 3552 aliquo
1110 3469 1147 3532 de
1160 3466 1282 3534 Christo
1301 3470 1332 3532 et

133 3583 268 3663 dicente,
293 3580 383 3665 qu0⁶)
398 3580 450 3646 ille
466 3580 559 3645 homo
577 3583 625 3646 est
639 3580 723 3645 Deus
746 3579 828 3645 huno
849 3580 1043 3644 intellectum
1065 3577 1217 3660 oonoipiat
1240 3578 1330 3661 quasi

133 3698 253 3764 dietum
268 3695 310 3762 sit
324 3691 513 3777 humilitasl)
536 3695 584 3757 est
606 3693 700 3758 Deus.
724 3690 911 3755 Humanitas
935 3689 1047 3773 quippe
1069 3689 1195 3774 proprie
1216 3708 1332 3755 nomen

133 3811 263 3875 naturae
285 3811 343 3874 est.
366 3807 432 3873 Aut
452 3807 512 3873 etsi
526 3806 620 3870 homo
636 3803 668 3868 in
683 3800 909 3886 significatione
924 3800 1087 3882 utriusque
1107 3798 1127 3863 i.
1151 3821 1177 3865 e.
1200 3803 1331 3867 naturae

134 3925 165 3987 et
183 3938 336 4007 personae
357 3918 517 4005 aooipitnr,
549 3917 581 3982 iu
609 3916 658 3980 his
680 3917 785 3978 tamen
806 3911 908 3977 verbis
934 3929 1006 3974 oum
1028 3909 1142 3975 dieitur
1163 3910 1256 3976 homo
1279 3911 1332 3978 ille

134 4033 219 4100 Deus
234 4031 238 4038 '
252 4030 460 4099 eoolesiastioa
493 4027 623 4094 eruditio
646 4023 883 4109 ambiguitatem
904 4041 967 4087 non
988 4021 1146 4102 admittit,
1180 4041 1215 4088 eo
1250 4022 1332 4106 qnod

134 4142 184 4211 hio
206 4160 315 4210 senous
338 4139 377 4206 ab
393 4140 459 4226 ojus
476 4138 616 4206 doctrina
633 4139 665 4202 et
683 4153 743 4201 usn
757 4131 903 4218 loquendi
919 4133 1010 4216 longe
1025 4130 1126 4213 abest,
1147 4135 1183 4197 ut
1196 4132 1332 4198 humana

134 4253 287 4320 naturai.
308 4272 336 4318 e.
358 4251 545 4334 humanitas,
569 4269 630 4337 qua
651 4251 746 4317 homo
769 4253 818 4315 est
840 4253 871 4314 et
886 4264 964 4331 quae
979 4246 1073 4312 homo
1088 4264 1151 4313 non
1167 4247 1224 4326 est,
1247 4243 1332 4312 Dens

237 4417 255 4483 ¹)
275 4417 310 4471 Is.
330 4416 374 4470 40.
393 4418 418 4472 o.
434 4446 467 4456 -
482 4419 502 4482 ²)
523 4418 600 4469 Deut.
619 4412 663 4468 10.
683 4413 727 4468 22.
748 4441 780 4452 -
804 4409 825 4480 ⁸)
844 4413 927 4464 maro.
950 4411 992 4466 14.
1013 4409 1056 4465 ³4.
1078 4440 1108 4449 -
1130 4407 1152 4477 ⁴)
1171 4411 1254 4463 doust:
1274 4424 1331 4462 nou.

137 4521 169 4532 -
190 4488 210 4560 ⁵)
229 4491 286 4546 ood.
306 4505 380 4556 nega.
403 4519 435 4530 -
461 4487 483 4559 θ)
502 4489 643 4558 quoniam?
664 4515 694 4526 -·
718 4484 737 4555 ἵ)
756 4485 860 4538 iorsant
879 4484 1033 4538 humanitus.

1194 4567 1234 4633 18
