3168 5190
253 389 412 494 ιιιΙ

252 567 336 630 recte
350 562 575 631 continentium
589 563 740 648 magister
754 567 812 648 est,
828 561 881 653 qui
895 567 1036 632 amantes
1053 546 1214 632 scientiam
1229 566 1456 653 scripturarum

253 674 355 742 carnis
377 674 452 740 uitia
473 693 535 742 noo
556 673 715 744 amabunt.
737 675 875 744 Jacobos
897 697 970 744 vero
993 678 1043 745 vel
1057 679 1123 745 solo
1138 679 1272 760 nomine,
1296 698 1359 764 quo
1381 677 1458 745 riti·

253 803 344 852 ornm
364 787 583 872 supplantator
604 785 752 868 innuitur,
787 790 937 855 moralem
959 789 1155 875 disciplinam
1175 790 1352 876 praedocet,
1377 806 1457 874 quas

251 896 285 963 in
306 896 480 983 conjugatis
502 898 561 964 hoo
582 899 698 966 mundo
720 900 879 967 utentibus
901 900 1089 985 praeclarior
1109 901 1208 967 virtus
1225 903 1283 967 est.
1305 901 1349 966 Hi
1371 900 1457 967 enim

252 1007 285 1073 iu
306 1008 365 1075 hoc
387 1010 501 1075 mondo
525 1014 742 1077 conversantes
769 1021 842 1077 cum
863 1011 948 1078 vitiis
970 1009 1187 1098 praesentibus
1205 1012 1366 1078 luctantur
1388 1015 1458 1078 stn-

253 1120 360 1188 dentos
393 1121 440 1186 uti
461 1121 521 1188 hoo
542 1122 658 1188 mundo
692 1123 853 1205 tamquam
867 1114 938 1187 'non
959 1124 1097 1188 omniur.
1142 1122 1183 1188 nt
1203 1121 1280 1188 haec
1301 1119 1458 1189 triformis

250 1230 396 1310 ecciesiae
418 1231 590 1298 hierarchia
612 1233 661 1298 est
680 1249 738 1316 per
758 1231 870 1298 Jesum
890 1231 984 1312 viam,
1006 1221 1171 1298 veritatem
1192 1235 1224 1298 et
1245 1233 1343 1299 vitam
1364 1233 1456 1299 insti·

250 1344 320 1407 tuta
342 1341 373 1408 iu
396 1342 467 1423 lide,
504 1361 561 1429 spe
594 1344 626 1407 et
655 1340 806 1408 charitate
828 1339 951 1409 Christo
985 1343 1171 1428 deserviens,
1206 1346 1358 1429 quatenns
1392 1341 1455 1410 suh

250 1452 386 1537 imagine
401 1453 563 1518 Trinitatis
581 1451 649 1537 jam
670 1451 754 1518 dicta
770 1453 809 1518 ad
824 1453 988 1520 uidendam
1011 1473 1151 1521 summae
1173 1455 1335 1522 Trinitatis
1359 1455 1454 1521 clari·

152 1572 154 1576 '
250 1567 348 1631 tatem
369 1564 523 1650 proficiat,
556 1565 591 1630 iu
625 1563 769 1630 omuibus
791 1563 839 1630 his
862 1566 970 1651 procul
992 1565 1086 1634 dubio
1107 1567 1147 1632 ad
1169 1566 1311 1632 coelestis
1333 1565 1456 1632 hierar-

250 1675 338 1742 chiae
359 1676 526 1743 lorruulsm
546 1677 697 1751 ordinata,
730 1674 781 1742 Sic
804 1678 887 1742 onim
908 1669 1035 1743 Domini
1057 1677 1136 1744 Jesu
1157 1675 1390 1761 benignitas
1415 1680 1456 1743 et

249 1787 472 1854 humanitas
494 1789 680 1874 apparuit
701 1789 768 1871 in¹)
791 1789 882 1854 terris
905 1788 1089 1854 omnibus
1111 1786 1340 1853 hominibus
1364 1806 1457 1854 eru-

250 1897 365 1964 diens
402 1917 471 1964 nos
504 1902 545 1964 ut
577 1900 826 1986 abnegantes
859 1899 1112 1984 impietatem
1146 1900 1184 1963 et
1217 1897 1456 1964 saecularia

250 2010 451 2077 desideria
483 2010 622 2077 sobrie
656 2015 695 2078 et
712 2013 824 2097 Juste
846 2016 878 2078 et
899 2011 963 2098 pie
984 2012 1165 2078 vivamus
1197 2010 1230 2074 in
1258 2007 1372 2093 quibus
1393 2009 1457 2075 tri·

250 2121 365 2198 formis,
382 2122 571 2198 hierarchiae
593 2123 819 2208 ecclesiasticae
841 2123 1069 2208 magisterium
1082 2125 1139 2190 est.
1161 2120 1246 2188 Nam
1267 2121 1332 2198 via
1353 2118 1455 2187 lesus

251 2231 428 2299 sobrietatis
450 2232 540 2301 nobis
561 2233 711 2319 magister
732 2236 790 2316 est,
813 2217 965 2300 veritas
988 2250 1061 2298 vero
1083 2231 1177 2298 Jesus
1195 2229 1339 2314 justitiae
1359 2227 1456 2296 nohis

251 2343 420 2409 formulam
441 2343 613 2431 imprimit,
648 2343 794 2410 scientiae
827 2362 949 2428 quoque
971 2359 1008 2409 ac
1030 2343 1199 2428 sapientise
1231 2359 1371 2407 amorem
1403 2339 1456 2406 iu-

251 2453 370 2535 fundit,
403 2456 488 2522 vita
512 2475 634 2541 quoque
647 2457 750 2524 ,Jesus
771 2455 842 2541 piae
864 2453 1116 2521 conuersationis·
1129 2452 1218 2520 nobis
1242 2469 1336 2520 ιιιιιι
1357 2451 1455 2518 simul

252 2569 360 2644 auctor
382 2571 414 2633 ιι
435 2567 555 2635 tructus
589 2571 650 2638 est:
681 2567 726 2632 ιιι
748 2567 839 2652 etde
861 2567 987 2632 coelesti
1019 2565 1190 2638 hierarchia
1222 2563 1454 2632 aestimandum

253 2680 416 2764 est-quod
438 2681 470 2744 ιι
490 2679 560 2764 ipsa
592 2680 631 2744 ad
653 2679 821 2764 imaginem
843 2696 983 2744 summae
1004 2678 1166 2744 Trinitatis
1199 2675 1384 2743 triformiter
1404 2673 1455 2740 iu·

257 2793 368 2859 stitutu
390 2791 441 2870 sit,
464 2808 483 2856 ι
505 2808 567 2874 qua
580 2790 642 2856 iste
656 2789 808 2855 triformis
831 2789 985 2854 ecclesiae
999 2788 1171 2854 hierarchia
1192 2784 1352 2854 descendit
1370 2784 1458 2852 sicut

252 2901 409 2969 lohannes
433 2899 609 2986 Theologos
643 2899 762 2987 Spiritu
795 2903 902 2966 sancto
936 2901 1110 2965 illustratos
1133 2901 1193 2964 altr
1237 2897 1329 2962 Vidi
1351 2896 1456 2963 oiri-

253 3016 378 3080 tatom
412 3015 589 3078 sanctam
621 3013 852 3080 Jerusalem
887 3029 1023 3076 novam
1060 3012 1371 3078 descendentem
1405 3007 1467 3082 de¹

253 3124 358 3189 coelo
376 3141 394 3188 ι
412 3123 698 3207 stuperatem
721 3125 829 3190 sicut
851 3140 1036 3208 sponsam
1060 3121 1330 3187 ornatamviro
1346 3123 1457 3202 suoi)

724 3408 993 3478 (kstXXH.

254 3535 428 3604 (toelcston
450 3533 666 3640 hierarchiam
688 3535 786 3603 etiam
808 3552 879 3602 esse
900 3533 1082 3601 triformem
1104 3533 1147 3600 ad
1168 3535 1260 3620 cujus
1282 3531 1453 3622 exemplar

418 3647 640 3716 ecclesiastica
661 3647 849 3716 hierarchia
869 3647 904 3714 iu
925 3646 1025 3714 terris
1048 3645 1201 3714 instituta
1223 3644 1283 3712 est.

354 3834 414 3901 Sed
437 3835 505 3918 quis
529 3834 683 3901 enarrabit
716 3837 870 3901 coelorum
893 3838 929 3901 ut
951 3835 1092 3901 ordinem
1110 3851 1233 3917 quoque
1255 3830 1332 3898 cosli
1354 3834 1455 3915 ponat

252 3948 284 4012 iu
306 3950 411 4013 terrai
456 3947 528 4014 Non
550 3948 589 4012 ed
610 3946 669 4012 hoo
690 3949 789 4012 nostri
813 3948 930 4014 similes
966 3949 1071 4012 valent
1092 3963 1148 4010 nec
1170 3943 1219 4008 his
1243 3941 1369 4008 secretis
1392 3961 1454 4008 nos

249 4077 319 4124 oum
341 4077 454 4143 magno
476 4058 626 4143 Dionysio
648 4059 783 4125 inserere
805 4059 964 4126 eudemus.
986 4059 1068 4124 illud
1091 4060 1197 4122 tamen
1219 4051 1338 4120 nescire
1359 4051 1453 4119 nobis

248 4171 413 4251 nonlicet,
449 4173 594 4258 quoniam
616 4177 679 4238 tres
703 4173 830 4238 suntin
853 4172 937 4241 coelo
959 4170 1062 4251 Pater,
1096 4167 1235 4234 Verbum
1257 4171 1289 4233 et
1310 4164 1452 4252 Spiritus

250 4279 426 4362 amborum,
450 4301 469 4348 ι
492 4282 604 4368 quibus
626 4284 768 4352 coelestis
791 4284 843 4348 illa
864 4280 1036 4348 hierarchia
1058 4278 1225 4346 descendit.
1264 4278 1322 4344 ιιι
1343 4280 1453 4343 autem

357 4487 1111 4560 ¹wmmmfiwfflMAL-bmcnh
