3172 5202
597 775 709 844 cap.
727 775 886 834 val.

444 895 704 967 commemoratio
725 899 849 968 veteris
869 899 1037 968 historiae.

238 1081 323 1147 'l'alis
345 1099 480 1165 namque
512 1101 571 1168 pax
603 1086 684 1151 inter
705 1085 913 1152 sacerdotium
934 1089 967 1152 et
988 1104 1120 1171 regnum
1141 1086 1236 1152 etiam
1258 1086 1336 1154 olim

140 1191 397 1277 indispositioue
430 1200 603 1262 castrorum
635 1198 793 1264 israelitici
825 1198 932 1283 populi
953 1197 1160 1287 praefigurata
1192 1201 1249 1280 est,
1282 1199 1337 1266 ubi

138 1301 176 1366 nd
198 1303 354 1372 orientem
375 1308 447 1371 ante
469 1307 580 1372 faciem
594 1307 787 1376 tabernaculi
800 1308 927 1392 Moyses
943 1312 975 1373 et
988 1306 1095 1374 Aaron
1118 1309 1211 1374 simul
1233 1314 1336 1376 castra

138 1414 354 1497 metabantur3
389 1416 448 1483 hoc
471 1418 665 1503 significante
686 1419 804 1504 Spiritu
838 1425 945 1486 sancto
968 1421 1135 1485 eorundem
1158 1419 1334 1487 ordinatore

137 1533 314 1594 castrorum
336 1530 485 1595 nimirum
506 1531 538 1594 in
561 1530 705 1596 umbram
730 1531 908 1598 futurorum
930 1534 1023 1615 atque
1045 1531 1236 1613 coelestium,
1256 1531 1335 1599 nihil

136 1640 238 1724 magis
260 1641 432 1707 conducere
454 1642 602 1710 ecclesiae
623 1643 681 1709 Dei
703 1642 865 1726 profectui,
901 1659 994 1726 quam
1016 1644 1053 1706 ut
1073 1642 1106 1707 in
1127 1659 1224 1706 uuum
1244 1639 1334 1709 habi·

135 1754 203 1817 tent
225 1753 419 1820 concorditer
440 1753 648 1819 sacerdotium
670 1757 702 1818 et
724 1771 871 1838 regnum
900 1751 982 1817 siout
1002 1753 1129 1817 econtra
1152 1751 1268 1817 eisdem
1290 1750 1332 1819 ab

134 1863 267 1929 inuicem
289 1864 509 1930 dissidentibus
531 1867 627 1931 statui
648 1866 816 1931 christiano
838 1863 916 1929 nihil
937 1881 1005 1929 esse
1026 1861 1230 1948 perniciosius
1261 1881 1333 1929 um·

134 1991 229 2058 quam
252 1976 414 2060 potuitne
435 1977 560 2062 poterit.
604 1976 695 2060 Quod
715 1977 742 2041 si
764 1975 969 2060 dedignantur
990 1971 1140 2056 Romani,
1172 1980 1209 2043 ut
1242 1991 1331 2043 suam

133 2087 283 2153 ecclesiae
304 2087 512 2153 inuocmtiam
546 2107 638 2171 super
662 2088 730 2170 jnm
752 2087 843 2155 diets
866 2089 1133 2156 criminationibus
1156 2087 1330 2171 exhibeant,

134 2199 245 2282 utpote
278 2217 411 2281 quorum
444 2201 484 2265 sit
520 2200 558 2264 de
580 2198 723 2265 omnibus
753 2199 892 2282 judicare
923 2206 956 2267 et
976 2219 995 2266 a
1016 2202 1147 2282 nemine,
1181 2200 1331 2286 quidquid

132 2308 264 2375 iecerint
295 2314 351 2376 aut
383 2311 577 2395 divulgatum
612 2311 650 2377 de
672 2312 716 2376 eis
737 2309 1014 2398 luentjudieari,
1050 2313 1095 2378 ita
1116 2316 1153 2378 ut
1172 2329 1263 2378 nemo
1286 2312 1330 2400 eie

133 2419 217 2486 dicat
240 2420 288 2487 uel
311 2422 411 2486 dicere
434 2420 561 2488 debent:
594 2441 649 2488 cur
670 2423 715 2488 ita
736 2416 855 2502 facitis,
877 2441 988 2507 parum
1011 2424 1060 2490 vel
1081 2422 1158 2488 nihil
1180 2423 1219 2490 de
1240 2440 1331 2490 soan-

130 2531 211 2596 dclis
233 2531 382 2598 eeclesiae
403 2536 557 2613 curantes,
579 2535 688 2617 utpote
710 2533 822 2617 quibus
844 2534 887 2599 sit
907 2535 1030 2601 licitum
1052 2533 1212 2619 quodlibet
1232 2533 1328 2601 luent

130 2640 266 2724 libitum,
302 2645 375 2728 quid
406 2647 489 2710 ultra
504 2644 529 2730 ¹)
561 2642 818 2726 exspectabimus,
851 2643 911 2710 nisi
943 2647 980 2710 ut
1011 2643 1039 2709 si
1060 2647 1092 2708 et
1113 2643 1172 2710 hoe
1203 2643 1329 2712 libuerit

131 2754 281 2839 quidquid
292 2756 393 2821 adhue
415 2756 516 2822 fastus
538 2758 570 2821 et
591 2756 731 2836 aranda,
753 2756 814 2821 duo
829 2756 947 2821 scilicet
962 2757 1037 2822 mali
1054 2756 1232 2838 consiliarii,
1253 2775 1329 2840 sug-

129 2867 295 2952 gesserint,
319 2869 370 2951 qui
393 2885 463 2934 raro
484 2869 516 2933 in
538 2866 614 2933 urbe
635 2867 809 2946 defuerunt,
833 2867 1009 2952 compleant
1023 2867 1118 2934 etiam
1132 2883 1228 2931 nouas
1243 2866 1328 2951 leges

131 2977 287 3044 uetedbue
309 2977 444 3060 abolitis,
466 2981 505 3044 ad
527 2979 676 3062 placitum
698 2979 833 3044 condant
852 2979 1002 3043 terminos
1016 2977 1249 3062 episcopatuum
1259 2975 1327 3059 jam

130 3090 207 3155 olim
229 3091 407 3174 antiquatos
432 3108 538 3156 omnes
563 3090 700 3156 emedio
722 3091 835 3155 tollant
856 3092 887 3155 et
908 3107 1005 3155 novoe
1026 3105 1085 3173 pro
1107 3073 1328 3172 consilio‘phi·

127 3201 282 3287 lergyriae
317 3202 435 3269 limites
469 3204 610 3269 statuant
631 3202 669 3267 de
690 3198 1004 3285 archiepiscopatibus
1041 3198 1185 3265 omnibus
1219 3197 1326 3264 suffra·

128 3314 238 3399 genias
270 3314 362 3379 etde
383 3312 581 3398 suffraganiis
617 3311 900 3397 archiepiscopatus
938 3311 1133 3377 constituant
1149 3310 1232 3375 inter
1250 3308 1326 3376 haec

130 3424 234 3490 omnia
255 3425 421 3510 pinguiora
442 3428 473 3489 et
494 3424 622 3491 meliora
643 3423 703 3488 sibi
724 3427 925 3503 reservantes,
948 3426 1050 3488 cetera
1071 3439 1143 3486 uero
1165 3420 1204 3486 ad
1226 3417 1325 3487 librae

127 3534 265 3620 pondera
287 3538 470 3601 statuentes.

228 3647 331 3712 Immo
353 3664 425 3714 vero
448 3651 479 3713 et
502 3648 528 3713 si
551 3647 702 3733 placuerit
723 3649 754 3712 et
775 3647 850 3712 mali
870 3645 916 3712 illi
930 3643 1098 3711 consiliarii
1112 3642 1325 3729 suggesserint

128 3759 249 3843 reliqua
270 3759 363 3824 ovilia
386 3760 490 3823 omnia
511 3757 543 3824 iu
565 3775 663 3823 unum
686 3758 867 3837 conducant,
891 3761 927 3822 ut
949 3757 991 3822 sit
1012 3755 1115 3822 s'olum
1137 3755 1324 3821 unumouile

127 3873 160 3936 et
181 3887 262 3935 unus
291 3874 399 3953 pastor
430 3871 515 3937 solus
537 3869 696 3935 Romanus
730 3869 882 3936 Pontilex.
925 3868 992 3935 Aut
1013 3868 1039 3933 si
1060 3867 1119 3932 hoo
1140 3863 1267 3932 difficile
1287 3881 1325 3932 ao

125 3980 319 4047 laboriosum
352 3981 455 4048 visum
486 3981 582 4047 fuerit
614 3981 773 4065 episcopos
793 3980 997 4060 visitationes,
1035 3995 1113 4062 quas
1136 3977 1243 4043 volent
1263 3974 1324 4042 sibi

122 4093 231 4178 jurare
253 4092 380 4170 iaciant,
403 4111 491 4176 reges
515 4110 636 4176 quoque
656 4110 676 4157 a
698 4091 896 4174 subjiciendis
917 4090 978 4157 sibi
999 4088 1165 4156 rebellibus
1181 4091 1213 4154 et
1227 4086 1324 4155 eccle·

126 4206 247 4272 siarum
268 4221 305 4272 ac
329 4203 489 4270 ciuitatum
514 4201 721 4270 vastatoribus
743 4202 936 4287 prohibeant,
958 4201 1112 4267 dicentes:
1142 4198 1203 4265 huc
1225 4217 1323 4284 usque

126 4315 232 4383 uenies
255 4319 287 4382 et
308 4333 370 4381 non
391 4314 540 4399 procedes
560 4316 704 4401 amplius,
724 4317 779 4380 cut
799 4313 875 4382 haec
896 4331 954 4381 sua
974 4319 1142 4408 praecepta
1166 4315 1324 4396 transgre-

231 4531 251 4599 ¹)
271 4531 440 4598 prophetasti:
461 4529 551 4583 illusae
569 4543 648 4594 marg.
670 4527 705 4581 ab
723 4543 788 4581 auno
808 4525 888 4584 1525.
