3158 5212
1282 429 1323 494 49

131 595 182 670 „et
203 593 264 678 ipsi
285 595 323 660 do
343 599 520 682 perpetrata
534 595 696 680 iniquitate
711 617 765 681 per
780 598 916 664 lamenta
930 599 1137 682 poenitudinis
1153 599 1217 665 Deo
1237 601 1329 666 satis-

132 701 300 779 „lacerent
321 704 407 787 Quos
430 722 502 771 cum
523 706 562 772 ad
584 705 659 775 haec
670 711 694 791 1)
716 710 890 793 exequenda
912 708 1000 776 datas
1022 709 1163 776 inducias
1186 729 1329 794 spernere

132 817 183 891 „et
194 815 226 878 in
244 819 393 881 consueta
402 817 542 900 nequitia
556 821 754 904 pertinaciter
769 824 852 885 stare
870 820 1082 905 cognorimus„
1105 821 1186 886 sieut
1202 821 1330 904 dignum

130 929 218 1004 ,erat
240 927 407 1011 sacrilegos
430 931 462 994 et
483 929 642 997 ministros
664 951 700 998 aa
722 931 863 997 membra
884 929 999 997 diaboli
1020 950 1039 997 a
1061 934 1278 999 communione
1300 937 1331 998 et

130 1055 279 1123 „corpore
301 1037 398 1104 totius
410 1040 556 1107 ecclesiae
578 1043 789 1127 separavimus
809 1046 840 1107 et
862 1061 977 1128 regem,
1000 1047 1035 1109 ut
1050 1062 1102 1108 eos
1117 1061 1136 1108 a
1151 1045 1243 1108 domo
1264 1063 1330 1126 sua,

130 1167 168 1225 „a
190 1149 328 1216 consiliis
357 1151 390 1214 et
411 1151 495 1215 omni
517 1157 734 1221 communione
756 1155 837 1220 siout
859 1157 1141 1224 excommunicatos
1164 1159 1328 1240 expelleret

129 1261 410 1341 „admonuimua⁹)

233 1371 370 1448 „Verum
392 1377 499 1457 quanti
521 1377 588 1461 ipse
609 1379 665 1444 aut
686 1377 803 1463 scripta
824 1381 880 1442 aut
900 1379 1096 1463 perlegatur
1111 1378 1209 1444 missa
1223 1381 1332 1444 nostra

132 1479 250 1557 „verba
276 1481 384 1549 fecerit
414 1485 480 1569 ejus
502 1487 585 1554 lacta
607 1489 774 1556 declarant.
806 1490 866 1571 Qui
888 1489 1012 1573 indigne
1035 1489 1136 1556 ferens
1159 1510 1192 1555 se
1214 1508 1232 1554 a
1255 1510 1331 1574 quo·

132 1608 250 1675 „quam
273 1595 455 1678 reprehendi
476 1601 531 1663 aut
553 1597 677 1682 corripi,
700 1617 762 1663 non
785 1601 886 1664 solum
909 1617 927 1663 a
949 1600 1138 1684 perpetratis
1161 1601 1200 1665 ad
1226 1619 1329 1666 omen·

128 1703 308 1780 „dationem
323 1708 460 1773 revocari
481 1727 543 1773 non
563 1707 666 1792 potuit
685 1709 739 1774 eod
763 1707 906 1792 ampliori
921 1709 1125 1776 conscientiae
1140 1728 1213 1775 suae
1228 1710 1331 1776 lurore

127 1820 294 1901 „arreptus
317 1836 379 1883 non
402 1817 487 1901 prius
511 1817 645 1884 cessarit
665 1819 763 1885 donec
785 1837 892 1884 omnes
915 1837 993 1902 pene
1008 1820 1166 1903 episcopos
1182 1821 1213 1884 in
1228 1820 1329 1912 Italia„

127 1927 181 2006 „in
204 1928 370 1994 teutonicis
396 1947 468 1993 reno
497 1928 639 2013 partibus
672 1932 825 2013 quotquot
852 1930 955 2013 potnit
983 1931 1064 1996 circa
1093 1930 1187 1998 fidem
1215 1930 1330 1998 (lhristi

126 2039 334 2124 „naufragare
356 2041 475 2125 coegit,
505 2042 581 2106 dum
608 2060 660 2107 eoa
688 2039 825 2106 debitam
852 2040 943 2106 heato
972 2041 1065 2107 Petro
1088 2045 1120 2107 ot
1141 2043 1330 2129 apostolicae

126 2151 216 2230 „sedi
238 2150 446 2218 obedientiam
469 2154 500 2216 et
521 2151 670 2216 honorem
692 2169 710 2216 a
731 2150 867 2217 Domino
890 2154 996 2216 nostro
1018 2153 1096 2219 Jesu
1110 2152 1232 2218 Christo
1255 2171 1330 2218 con·

126 2279 273 2340 „cessum
295 2259 447 2347 abnegare
470 2262 602 2346 subegit.
641 2262 719 2330 cum
740 2262 837 2346 igitur
865 2261 1061 2344 iniquitatem
1084 2260 1149 2346 ejus
1182 2261 1222 2327 ad
1243 2282 1330 2328 sum·

125 2391 237 2451 „mum
260 2374 412 2457 prodiisse
444 2374 579 2441 vidimus
614 2392 670 2457 pro
693 2373 741 2437 his
770 2373 872 2438 causis
899 2372 1043 2438 videlicet
1070 2373 1215 2457 primum,
1250 2374 1333 2458 quod

127 2482 188 2563 „ab
219 2503 329 2549 eorum
359 2485 584 2565 communione,
616 2485 668 2568 qui
696 2502 752 2568 pro
785 2483 946 2568 sacrilegio
976 2486 1007 2548 et
1036 2487 1123 2549 reatu
1145 2484 1330 2550 simoniacae

127 2594 286 2673 „haeresis
310 2596 566 2662 excommunicati
589 2599 677 2677 sunt„
707 2615 740 2661 se
766 2595 921 2660 abstinere
951 2594 1069 2672 noluit;
1102 2595 1223 2675 deinde,
1248 2597 1329 2678 quod

126 2705 327 2784 „criminosis
350 2707 471 2772 actibus
494 2707 576 2773 ritae
597 2726 671 2773 suae
692 2707 913 2791 poenitentiam
934 2723 996 2770 non
1018 2706 1086 2771 dico
1102 2707 1257 2790 suscipere
1275 2707 1329 2772 sed

126 2835 205 2896 „nec
226 2817 408 2902 promittere
430 2818 553 2902 quidem
575 2818 683 2897 voluit,
706 2819 836 2883 mentita
858 2836 894 2883 oa
913 2815 985 2899 (fide
997 2819 1034 2902 ὅ),
1059 2835 1151 2901 quam
1169 2818 1202 2882 in
1216 2834 1327 2882 manus

126 2929 325 3013 „legatorum
347 2932 526 2995 nostrorum
553 2929 755 3014 promiserat„
784 2947 841 2994 nea
874 2946 936 2992 non
967 2929 1048 3012 quod
1071 2929 1189 3012 Corpus
1213 2925 1329 2996 Christi

126 3039 209 3118 „i.e.
233 3039 387 3105 unitatem
410 3044 537 3106 sanctae
559 3040 705 3108 ecclesiae
727 3039 866 3104 scindere
887 3059 949 3105 non
965 3039 1103 3124 erparit:
1126 3058 1183 3125 pro
1199 3038 1258 3119 his,
1280 3039 1330 3104 in·

129 3168 262 3233 „quam„
286 3150 384 3235 culpis
407 3152 547 3236 synodali
572 3151 689 3235 judicio
712 3170 783 3216 curn
806 3151 1150 3234 excommunicavimus,
1179 3154 1214 3215 ut
1237 3169 1328 3233 quem

127 3261 242 3340 „mites
265 3280 327 3326 non
338 3262 505 3345 potuimus,
528 3264 577 3328 vel
602 3261 750 3328 severiad
763 3261 975 3343 viamsalutis‚
997 3262 1063 3327 Deo
1085 3259 1259 3345 adjuvante,
1281 3281 1330 3329 ro·

126 3391 259 3452 „vocare
278 3374 447 3440 valeamus.
469 3375 583 3455 Autsi„
607 3373 791 3458 quodabsit‚
813 3390 870 3440 nee
892 3373 1094 3439 districtionis
1118 3372 1241 3456 quidem
1258 3390 1329 3437 cen-

126 3503 255 3564 „suram
277 3484 482 3568 pertimuerit,
514 3489 621 3551 nostra
643 3486 755 3550 saltem
776 3484 880 3548 anima
902 3483 1107 3567 negligentiae
1128 3486 1183 3547 ant
1204 3482 1325 3548 timoris

125 3594 320 3674 „discrimini
348 3615 410 3660 non
438 3595 669 3680 succumbat.⁴)
702 3631 744 3642 -
777 3595 811 3662 si
833 3596 901 3679 quis
922 3595 1020 3680 igitur
1040 3594 1120 3660 hano
1143 3594 1328 3660 sententiam

127 3706 299 3790 „injustam
320 3708 370 3772 rel
391 3706 647 3774 irrationabiliter
669 3707 824 3791 prolatam
854 3725 921 3772 esse
943 3705 1108 3788 putaverit„
1137 3704 1164 3769 si
1187 3705 1258 3770 talis
1280 3708 1329 3770 est

126 3822 183 3898 „ut
206 3818 304 3886 moris
326 3818 443 3904 regulis
465 3817 689 3903 intelligentiae
716 3838 842 3883 sensum
872 3818 1016 3901 praebere
1045 3816 1129 3895 velit„
1162 3815 1326 3881 nobiscum

127 3929 219 4008 „inda
245 3931 322 4014 agat
350 3933 382 3995 et
402 3924 501 4011 non⁶)
532 3930 614 4013 quod
636 3948 693 3996 nos
716 3929 770 3996 sed
793 3928 866 4012 quid
888 3929 992 3996 divina
1013 3927 1183 3995 auotoritas
1206 3926 1324 4006 doceat,

229 4169 249 4240 ι)
268 4171 325 4228 eod.
344 4173 457 4225 adhuc.

227 4267 249 4340 ²)
267 4271 320 4324 Hie
339 4271 473 4324 Gcrhohus
491 4271 566 4337 plura
585 4270 767 4337 praetermisit.
787 4269 847 4322 ride
866 4269 947 4322 Grcts.
967 4284 992 4334 p.
1013 4266 1074 4324 14⁷.
1095 4265 1158 4323 148.

226 4366 249 4436 8)
268 4369 341 4422 deest
358 4371 387 4421 in
404 4373 490 4421 nostro
508 4369 603 4423 codice.

226 4467 249 4533 ⁴)
270 4466 326 4521 cod.
346 4467 519 4523 succumbant.

228 4563 249 4632 ⁵)
267 4564 342 4617 deest
360 4579 421 4617 non
439 4567 467 4618 in
486 4565 583 4620 codice.
