3158 5212
219 393 261 460 22

217 582 367 652 magnam
387 560 654 647 perturbationem
681 561 804 645 populis
826 557 972 625 excitauit
998 555 1190 624 Judaeorum
1222 558 1420 642 stupentibus

219 681 252 745 et
272 672 462 761 perturbatis
484 674 524 738 ad
545 687 660 737 nouam
689 670 803 736 faciem
824 687 938 736 rerum.
982 667 1023 734 ut
1043 668 1119 734 haec
1146 669 1271 752 quidem
1301 667 1423 735 abomi-

218 789 304 856 natio
326 782 539 864 desolationis,
571 781 766 866 proximante
783 780 852 866 jam
875 780 1011 846 ciuitatis
1045 783 1077 846 et
1098 781 1207 864 templi
1228 780 1354 860 excidio,
1387 779 1421 846 in

217 900 334 983 templo
363 899 482 970 statuta
505 896 562 975 est,
605 889 867 978 quemadmodum
894 893 1069 959 aDemino
1100 893 1208 959 eadem
1229 888 1420 956 abominatio

216 995 417 1076 desolationis
438 1007 529 1092 xcinaei
551 1007 933 1090 excidii·=praecursorium
955 1007 1082 1091 siguum
1101 1004 1340 1089 fore'praedicta
1362 1005 1420 1084 est,

217 1123 254 1186 ut
275 1119 365 1204 sigua
385 1118 523 1184 infausta
542 1122 578 1184 et·
594 1117 755 1183 horribilia
777 1117 987 1182 horribiliores
1022 1117 1236 1182 calamitatum
1259 1118 1290 1180 et
1312 1112 1422 1181 excidii

219 1233 347 1296 eventus
371 1232 573 1313 sequerentur
594 1229 742 1294 nimirum
772 1248 828 1313 pro
850 1230 972 1312 piaculo
994 1229 1027 1293 iu
1050 1229 1214 1294 salvatoris
1242 1247 1317 1293 nece
1338 1245 1420 1292 com·

217 1343 325 1424 misso,
348 1361 451 1427 quem,
467 1343 567 1406 electo
590 1341 651 1407 sibi
666 1339 806 1406 Barraba
827 1342 957 1421 latrone,
980 1339 1180 1425 reprobantes
1197 1341 1419 1418 clamaverunt,

205 1456 291 1519 ‘aute
322 1452 451 1534 iaciemp
496 1453 611 1518 Pilati:
654 1450 742 1517 Non
773 1452 876 1518 hunc
906 1453 976 1519 sed
1009 1450 1276 1534 Barrabam.¹)
1314 1450 1418 1515 Item:

216 1561 302 1628 Non
323 1562 513 1628 habemus
565 1581 701 1647 regem
727 1563 808 1628 nisi
831 1563 1075 1648 (lassarem')
1111 1563 1200 1648 quasi
1223 1561 1316 1628 rebus
1339 1561 1416 1645 ipsis

217 1674 371 1740 diceretur
393 1674 453 1740 eis:
509 1673 676 1741 seditionis
712 1673 801 1739 vobis
838 1677 999 1740 auctorem
1021 1677 1052 1740 et
1075 1673 1216 1742 Caesaris
1238 1672 1342 1757 regale
1364 1673 1420 1738 do·

107 1845 110 1858 ,
217 1783 359 1865 minium,
382 1783 546 1868 reprobato
570 1784 680 1849 salutis
703 1787 839 1865 auctore,
864 1783 1016 1868 elegistis,
1036 1783 1240 1850 seditionibus
1262 1781 1418 1850 intestinis

217 1897 249 1962 et
270 1895 373 1980 gladio
406 1895 547 1962 (laeseris
571 1895 736 1960 trademini
762 1895 971 1980 disperdendi.
1005 1895 1145 1981 Denique
1167 1897 1271 1980 palam
1301 1893 1418 1960 iaciens

215 2003 370 2070 Dominus
394 2003 658 2070 abominationem
679 2005 880 2071 desolationis
910 2007 1109 2072 statuendam
1141 2008 1173 2072 in
1196 2007 1313 2091 templo
1336 2005 1419 2072 cala·

215 2115 335 2181 mitatis
358 2119 520 2182 secuturae
543 2116 669 2200 siguum
703 2117 832 2182 existere
856 2136 929 2183 oum
950 2118 1165 2202 praemisisset
1197 2118 1302 2184 diceus
1325 2117 1420 2184 disci·

215 2229 298 2312 pulis
331 2227 419 2294 suis:
455 2226 481 2314 ³)
526 2227 617 2297 Cum
650 2228 838 2294 videritis
873 2228 1220 2296 abominationem
1261 2226 1418 2296 desola-

215 2338 362 2420 tionis,
398 2357 496 2423 quae
520 2338 629 2404 dicta
652 2341 714 2404 est
748 2335 951 2406 aDauiele
983 2341 1207 2426 Propheta,
1241 2344 1419 2408 stantem

214 2451 255 2516 iu
275 2449 365 2516 loco
395 2453 556 2531 sancto,
591 2454 814 2536 cousequenter
847 2452 884 2517 de
911 2451 1027 2519 excidio
1061 2455 1206 2520 secuturo
1242 2453 1419 2537 praemunit

216 2563 344 2628 dcere:
367 2561 467 2628 Tunc
490 2561 552 2647 qui
573 2561 614 2627 in
635 2561 657 2630 J
665 2563 785 2628 udaea
807 2566 896 2629 sunt
916 2563 1070 2648 fugiant
1090 2565 1126 2630 in
1148 2569 1297 2632 montes
1313 2569 1345 2633 ct
1360 2566 1419 2632 cet.

178 2658 181 2666 ¹
215 2675 333 2742 Beatus
350 2677 446 2743 etiam
457 2676 666 2759 Hieronymus
679 2680 837 2742 asseverat
853 2674 881 2760 ⁴)
904 2677 1035 2742 Adriani
1046 2680 1222 2762 equestrem
1238 2681 1377 2744 statuam
1391 2675 1418 2764 ⁵)

216 2788 249 2852 in
271 2789 381 2854 eodem
409 2792 516 2854 saneto
540 2792 721 2854 sauctorum
748 2791 817 2855 loco
840 2808 939 2874 usque
969 2790 1010 2854 ad
1031 2807 1088 2856 sua
1114 2791 1240 2856 stetisse
1266 2793 1416 2874 tempora.

217 2899 297 2966 tium
317 2901 423 2984 itaque
444 2903 482 2966 de
498 2900 729 2967 abominatione
752 2901 954 2968 desolationis
977 2903 1142 2968 statuenda
1162 2902 1325 2986 intemplo
1346 2921 1420 2987 pro·

215 3011 321 3096 phetin
342 3012 480 3078 Danielis
502 3010 695 3096 temporibus
710 3010 825 3077 Tiberii
848 3011 958 3097 etilaji
979 3031 1089 3098 regum
1106 3013 1299 3080 sufficienter
1319 3015 1419 3080 adim-

216 3125 301 3209 pleta
323 3125 374 3204 sit,
399 3125 472 3209 quid
494 3143 622 3191 necesse
651 3129 699 3190 est
718 3124 974 3208 adimpletionem
1002 3125 1067 3210 ejus
1089 3126 1258 3192 litteralem
1279 3130 1419 3211 tempore

217 3235 394 3302 antichristi
424 3255 479 3320 per
499 3238 680 3303 manufacta
709 3237 877 3303 simulacra
899 3257 954 3304 seu
975 3257 1031 3322 per
1056 3238 1227 3306 sessionem
1256 3239 1340 3305 illius
1362 3239 1419 3306 filii

217 3349 397 3432 perditionis
420 3349 615 3414 materialem
650 3349 821 3434 intemplo
844 3350 999 3415 materiali
1031 3353 1236 3435 exspectare?
1279 3352 1369 3433 Quod
1392 3351 1419 3417 si

217 3458 365 3544 objicitur
385 3439 475 3527 nobis
497 3462 536 3526 ad
559 3461 734 3528 antichristi
756 3466 897 3546 tempora
915 3463 1067 3546 respicere
1090 3463 1172 3547 qnod
1194 3464 1226 3528 in
1241 3463 1419 3550 apocalypsi

215 3568 369 3635 Johaunis
392 3570 608 3654 scriptumest
629 3573 667 3638 de
681 3571 782 3639 bestia
803 3572 1030 3660 ascendenteb
1054 3574 1202 3655 deterre,
1226 3576 1309 3659 qnod
1322 3573 1418 3642 faciat

217 3679 357 3746 homiues
379 3682 508 3749 adorare
529 3682 662 3750 bestiam
685 3687 819 3768 primam
841 3690 873 3752 et
894 3688 930 3752 ut
952 3686 1070 3752 iaciant
1097 3687 1268 3772 imaginem
1288 3685 1416 3767 bestiae,

217 3877 466 3885 ——n———nn—-m

320 4003 339 4071 ¹)
358 4003 431 4057 Jean.
453 4001 498 4058 18.
518 3999 562 4058 lo.

318 4098 338 4170 ²)
357 4100 430 4155 Joau.
452 4101 496 4156 19.
518 4100 562 4157 15.

317 4199 338 4265 ³)
358 4201 442 4254 Math.
462 4200 506 4256 24.
526 4199 571 4257 15.

317 4298 339 4364 ⁴)
360 4299 417 4351 eod.
437 4306 595 4357 assueverat.

319 4394 339 4466 ὀ)
357 4397 413 4450 cod.
433 4402 543 4450 saluam
563 4415 674 4468 usque
694 4403 730 4453 in.
831 4464 833 4470 Ι

316 4493 338 4562 ⁶)
358 4511 428 4562 apoc.
451 4496 493 4551 13.
515 4496 560 4553 12.
