3172 5202
244 407 286 474 94

186 618 188 622 f
244 585 338 647 roms
361 575 475 646 saeculi
497 574 745 659 mqurrentrbns
780 576 880 643 Cum
912 573 1136 639 videritis
1170 572 1447 643 abominati-

246 709 369 759 onem
406 687 745 768 desolationis,
785 703 896 771 quae
932 687 1030 751 dict
1042 705 1061 750 a
1097 688 1166 750 ast
1200 681 1446 752 aDanielc
1576 713 1577 768 g

245 800 494 888 prophet,a
530 801 730 864 stantem
762 799 1126 863 inlocosancto
1109 799 1228 882 0¹)et
1259 797 1444 882 interposito
1576 815 1577 826 ¹

247 912 321 997 qni
355 910 475 999 legit
507 910 760 995 intelligat
794 911 832 975 de
862 908 1054 992 temporibus
1085 908 1254 976 obsidionis
1285 905 1445 989 subjunxit

246 1025 372 1092 Dcens:
399 1023 527 1104 Tunc,
559 1022 632 1107 qui
653 1022 697 1086 in
718 1022 892 1088 Judaea
914 1025 1038 1100 sunt,
1062 1020 1250 1107 fugiant
1271 1021 1313 1083 in
1335 1035 1448 1082 mon·

246 1141 316 1202 tes
339 1138 398 1201 oto.
431 1134 541 1218 Itaque
570 1134 743 1199 secundum
772 1134 851 1200 hanc
881 1152 943 1199 non
965 1134 1068 1200 solum
1090 1134 1228 1199 Danielis
1252 1132 1306 1199 sed
1329 1135 1360 1196 et
1382 1129 1449 1197 Do·
1576 1171 1577 1178 κ

248 1247 324 1312 mini
345 1245 423 1313 Jesu
444 1243 639 1329 prophetiam
661 1243 851 1310 abominatio
874 1244 1074 1310 desolationis
1098 1245 1232 1310 secundo
1254 1262 1312 1329 par
1325 1241 1446 1309 idolum
1576 1245 1577 1292 l

247 1359 465 1424 manniactum
485 1355 657 1439 intemplo
679 1352 701 1421 J
704 1356 889 1438 erosolymis
912 1355 1010 1437 stetit,
1034 1356 1167 1439 qnando,
1190 1359 1226 1420 ut
1240 1357 1332 1440 longe
1347 1371 1443 1440 supro

249 1467 379 1536 anobis
400 1467 518 1533 dictum
541 1469 598 1546 ost,
623 1464 715 1548 Cujus
739 1466 852 1533 Caesar
874 1465 1063 1549 imaginibus
1088 1465 1153 1532 suis
1176 1465 1272 1532 illatis
1295 1463 1448 1550 templum
1576 1519 1577 1522 ,

252 1575 412 1665 profanari
429 1577 535 1662 jussit.
1576 1635 1577 1650 ,

350 1689 439 1756 Unde
468 1687 558 1757 Philo
573 1687 598 1770 ³)
633 1686 756 1771 scribit,
793 1690 875 1772 quod
907 1692 937 1754 et
967 1707 1059 1774 supra
1084 1689 1271 1756 inseruimus
1305 1691 1338 1754 et
1365 1707 1448 1754 nnnc
1576 1689 1577 1696 ’

249 1802 362 1870 iterare
383 1819 446 1866 non
466 1801 571 1887 piget:
604 1802 722 1880 Multa,
755 1800 869 1883 inquit,
894 1801 927 1865 in
956 1800 1029 1884 cajo
1059 1801 1175 1886 ingenii
1204 1801 1355 1886 pravitas,
1388 1817 1447 1884 qna
1576 1795 1577 1872 ζ

250 1930 324 1998 erga
345 1930 452 1977 omnes
474 1911 615 1977 homines
639 1915 708 1977 tum
728 1912 894 1995 praecipue
916 1929 990 1996 erga
1003 1911 1196 1980 Judaeorum
1217 1913 1343 1995 gentem
1365 1909 1446 1976 iero-

254 2023 358 2103 batur,
382 2023 413 2087 et
435 2021 561 2106 speciali
582 2022 717 2106 quadam
741 2023 870 2088 saevitia
891 2023 959 2089 loca
981 2041 1098 2102 eorum,
1113 2041 1191 2107 quae
1206 2022 1317 2088 divinis
1333 2020 1449 2088 habent

251 2132 529 2218 supplicationibus
553 2135 743 2214 consecrata,
765 2133 915 2218 incipiens
931 2134 970 2200 ab
986 2132 1172 2200 Alexandria
1187 2133 1278 2218 diripi
1293 2136 1324 2199 at
1339 2135 1448 2200 contra

250 2243 433 2328 religionem
455 2261 637 2327 moremque
658 2244 760 2328 gantis
780 2243 937 2328 profanari
961 2242 1052 2328 jubat
1075 2245 1186 2311 statuis
1210 2244 1275 2311 suis
1298 2247 1329 2311 et
1351 2244 1448 2329 siguis
1527 2227 1559 2264 ’”

250 2373 286 2422 ea
307 2358 400 2440 atque
438 2353 627 2440 imaginibus
649 2355 780 2440 replens.
817 2356 982 2440 Templum
1005 2375 1126 2440 quoque
1153 2358 1279 2423 sanctae
1302 2355 1451 2436 ciuimtis,
1576 2413 1577 2440 ,

252 2468 334 2553 quod
363 2468 466 2533 solum
495 2465 642 2532 manabat
671 2467 768 2532 totius
798 2467 945 2552 profanae
978 2467 1172 2552 contagionis
1201 2467 1356 2533 intactum
1378 2470 1451 2532 eta

251 2596 313 2662 maj
305 2575 420 2644 oribus
447 2577 667 2662 perduraverat
695 2579 834 2662 asylum,
869 2584 1061 2645 commutare
1094 2579 1128 2642 in
1159 2580 1312 2663 templum
1333 2576 1452 2663 proprii
1576 2579 1577 2658 ᾗ

250 2689 385 2756 nominis
407 2706 501 2755 ausus
524 2692 580 2770 est,
615 2689 773 2757 maedus
805 2689 895 2758 Jovis
925 2693 957 2756 et
984 2690 1171 2758 nobilissimi
1201 2688 1273 2756 novi
1300 2687 1361 2756 Dei
1384 2687 1452 2772 Caji

254 2802 426 2866 vocaretur.

353 2912 375 2979 J
377 2909 511 2995 osephus
530 2929 663 2996 quoque,
688 2915 769 2996 quod
783 2913 866 2979 idem
882 2932 974 2998 supra
989 2915 1297 2996 memoravimus‚m
1263 2914 1447 2980 insecundo

250 3023 369 3108 judaici
404 3020 476 3087 belli
497 3020 576 3087 libro
590 3025 612 3102 ³)
644 3023 727 3089 Juda
749 3024 874 3090 Philoni
897 3024 1033 3090 scribens
1057 3027 1148 3092 dicit:
1186 3026 1236 3104 ,is
1259 3027 1374 3106 autem,
1398 3025 1452 3108 qui

256 3137 388 3218 ,missus
412 3139 460 3201 est
481 3154 500 3200 a
522 3135 645 3201 Tiberio
668 3137 700 3200 in
721 3136 875 3203 Judaeum
897 3141 1081 3222 procurator
1092 3137 1225 3220 Pilatus,
1249 3139 1344 3203 noctu
1367 3137 1454 3202 vela-

257 3252 325 3329 ,tas
357 3246 519 3313 introferri
551 3247 765 3331 ierosolymae
798 3249 949 3333 imagines
977 3245 1124 3315 'Caesaris
1154 3248 1245 3333 jubet
1277 3269 1313 3316 ac
1345 3249 1451 3316 staturi.

259 3358 368 3442 ,Quod
390 3355 445 3422 ubi
467 3356 532 3422 dias
555 3360 679 3423 exortus
702 3361 750 3423 est
771 3375 918 3442 magnam
940 3359 1207 3444 perturbationem
1228 3360 1351 3446 populis
1373 3359 1454 3434 exci-

258 3471 359 3550 ,tavit
391 3468 585 3536 iudaeorum
618 3469 816 3554 stupentibus
849 3477 878 3536 et
906 3471 1096 3556 perturbatis
1126 3472 1165 3535 ad
1194 3488 1308 3536 novam
1337 3469 1451 3536 faciem

260 3587 414 3662 ,rerum³
440 3581 526 3648 Haec
539 3584 673 3648 secunda
684 3582 759 3648 idoli
781 3582 814 3646 in
836 3583 954 3668 templo
980 3582 1133 3648 materiali
1154 3582 1270 3668 positio
1288 3583 1328 3649 ad
1342 3583 1455 3667 imple·

255 3693 373 3759 tionem
400 3691 582 3776 prophetiae
612 3691 749 3756 Danielis
780 3709 815 3757 ac
846 3691 1011 3758 uerborum
1035 3693 1161 3758 Domini
1190 3692 1333 3759 sufficere
1356 3691 1453 3758 videri

257 3806 374 3888 posset,
397 3801 458 3867 nisi
479 3800 741 3868 abominationem
765 3803 963 3868 desolationis
986 3804 1158 3888 intemplo
1187 3807 1339 3870 staturam
1361 3821 1453 3888 prae-

261 3913 365 3979 dicens
388 3911 566 3998 parabolice
595 3933 628 3978 sa
657 3915 742 3997 loqui
764 3914 905 3980 innueret
926 3914 959 3980 in
981 3931 1026 3992 eo,
1052 3916 1134 3996 quod
1155 3916 1359 4000 interposuit,
1384 3914 1453 3999 qui

256 4022 367 4111 legit,
389 4025 540 4108 inquiens,
562 4025 782 4111 intelligat.
804 4025 874 4092 Hoo
896 4027 978 4092 enim
1000 4045 1070 4092 cum
1094 4027 1170 4092 dicit
1192 4026 1274 4094 sicut
1288 4027 1364 4093 alios
1381 4044 1452 4092 oum

257 4154 347 4202 aures
370 4135 514 4203 audiendi
542 4137 670 4220 requirit
690 4135 791 4202 verbis
822 4137 1009 4221 parabolicis
1033 4139 1185 4222 quaedam
1207 4137 1335 4205 subesse
1358 4137 1452 4220 digna

360 4343 481 4414 ¹)Math
501 4341 608 4398 2415

359 4441 537 4512 ³)Legatiou
521 4439 663 4506 udCajum
682 4441 722 4496 ed.
742 4442 822 4500 Basil.
844 4442 922 4499 1561
942 4459 967 4509 p.
988 4441 1049 4498 658
1069 4443 1135 4498 coni.
1155 4459 1232 4512 supra
1251 4459 1307 4512 oap
1326 4444 1353 4501 4

359 4539 466 4610 ³)Bcll.
484 4541 540 4607 jud
560 4538 597 4596 11.
618 4538 642 4593 9.
663 4541 689 4595 2.
