3168 5190
212 359 277 426 230

211 529 473 614 participaverint,
495 533 601 596 tamen
622 546 678 596 nec
701 529 833 596 vinculis
854 529 953 596 arceri
974 547 1031 596 nec
1053 531 1160 616 flagris
1175 533 1337 599 attrectari
1357 551 1413 618 po

208 645 345 708 tuerunt.
388 641 434 708 At
455 659 529 708 vero
550 640 649 725 ipsius
682 638 805 704 animae
839 641 965 705 sanctae
996 640 1068 724 plns
1090 659 1186 725 quam
1208 643 1414 709 sacerdotalis

209 757 242 820 et
262 751 456 838 prophetalis
489 769 527 819 ac
548 751 615 817 Deo
637 748 741 816 Verbo
774 749 1024 816 substantialiter
1045 753 1194 837 sapientie
1215 755 1342 839 propria
1362 755 1415 820 in·

203 864 290 951 juria
321 864 425 930 extitit
457 861 540 948 quod
562 865 724 945 tamquam
745 861 844 927 falsus
866 861 1020 948 propbeta
1046 863 1181 932 ludibrio
1203 864 1329 932 babitus
1352 869 1411 934 eea

208 975 373 1042 Divinitati
394 991 477 1054 raro,
516 973 689 1040 secundum
711 991 805 1056 quam
826 991 879 1039 rar
902 974 1043 1039 omnium
1075 975 1272 1040 saeculorum
1293 976 1414 1043 atrita

209 1105 243 1152 ee
265 1085 463 1170 diligentium
491 1102 528 1150 ac
549 1083 734 1150 resurrectio
756 1087 953 1150 mortuorum
975 1088 1034 1165 est,
1068 1084 1203 1151 ludibria
1223 1085 1278 1152 illa
1297 1089 1413 1173 regalis

206 1200 364 1284 potentiae
396 1197 490 1263 simul
513 1199 545 1262 at
565 1195 667 1261 crucis
702 1198 733 1261 et
755 1196 865 1262 mortis
887 1195 1067 1281 ignominia,
1100 1199 1137 1262 ut
1169 1215 1263 1282 snpra
1286 1217 1409 1284 qnoque

210 1309 386 1390 docuimus,
419 1309 560 1395 irrogata
581 1310 665 1374 sunt.
708 1307 749 1372 nt
770 1307 829 1373 hoc
852 1309 900 1374 cst
921 1307 1002 1374 forte
1030 1309 1170 1376 triduum
1189 1309 1268 1376 illud
1288 1311 1326 1376 da
1347 1329 1410 1395 qno

208 1422 252 1487 ait
273 1421 427 1487 Dominus
448 1419 595 1488 Judaeis:
639 1417 802 1485 Solvite
833 1421 1028 1503 templum
1056 1420 1129 1486 boc
1151 1424 1191 1487 et
1211 1425 1309 1508 post
1329 1425 1410 1492 tri·

209 1533 326 1598 duum
347 1529 531 1598 excitabo
550 1533 663 1599 illud.
679 1533 702 1615 ¹)
745 1531 814 1596 Hoc
836 1533 943 1595 autam
965 1531 1011 1596 ait
1032 1531 1223 1616 evangelista
1253 1531 1411 1601 dicebat

210 1646 255 1711 de
276 1644 416 1728 templo
439 1643 620 1728 corporis
643 1645 746 1728 suis)
768 1642 976 1728 Namcorpus
1000 1643 1133 1727 quidem,
1154 1644 1355 1728 permittente
1378 1653 1411 1715 et

212 1757 397 1824 concedente
420 1754 581 1822 diunitate
606 1756 696 1841 impii
720 1756 808 1841 quasi
830 1772 956 1821 saccum
977 1755 1027 1822 vel
1050 1755 1211 1822 sordidum
1231 1761 1340 1824 nostra
1361 1759 1412 1826 in·

210 1869 358 1935 firmitate
379 1866 601 1933 vestimentum
623 1867 762 1934 scindere
795 1884 831 1932 ac
853 1867 974 1932 solvere
995 1869 1174 1949 potuerunt,
1196 1871 1233 1933 ut
1252 1871 1411 1954 pretiosus

209 1981 242 2046 in
265 1999 300 2046 eo
321 1980 422 2045 lateus
456 1978 615 2063 sanguinis
648 1978 813 2044 thesaurus
836 1978 876 2043 ad
897 1979 1038 2043 nostram
1071 1977 1316 2063 redemptionem
1337 2001 1411 2065 pro-

213 2093 302 2172 diret,
327 2090 381 2158 scd
402 2091 476 2175 post
498 2087 574 2154 haec
596 2107 658 2155 non
680 2093 747 2155 erat
769 2089 904 2174 amplius
927 2089 1048 2154 animae
1064 2093 1189 2156 sanctae
1204 2108 1240 2157 ac
1256 2092 1412 2162 diuinitati

213 2202 286 2286 qnid
307 2197 461 2279 facerent,
495 2200 636 2285 quamvis
658 2203 764 2266 tamen
786 2203 818 2266 et
841 2199 980 2264 animam
1007 2203 1147 2266 sancum
1168 2199 1290 2285 injuriis
1312 2223 1412 2289 usque

212 2313 252 2378 ad
272 2311 435 2378 tristitiam
457 2313 489 2377 et
510 2311 705 2400 divinitatem
734 2311 915 2378 creatricem
944 2328 1045 2395 usque
1067 2313 1107 2378 ad
1129 2315 1288 2380 creaturae
1309 2315 1413 2402 indig-

213 2422 375 2489 nationem
403 2421 600 2489 contumeliis
622 2421 809 2489 affecissent.
853 2423 943 2490 Unde
966 2427 997 2490 et
1019 2424 1067 2490 eol
1094 2426 1197 2491 radios
1220 2445 1293 2492 suos
1315 2443 1334 2491 a
1355 2429 1415 2494 tri·

213 2531 306 2596 sormi
327 2531 386 2597 boo
408 2531 572 2616 sacrilegio
594 2550 652 2616 per
672 2531 768 2598 trium
789 2531 937 2598 horarum
960 2534 1098 2619 spatium
1121 2515 1275 2603 subtraxit
1295 2540 1425 2604 uelum·-

214 2661 272 2728 que
294 2643 403 2728 templi
426 2644 560 2710 scissum
575 2647 623 2708 est
638 2645 670 2708 et
684 2645 786 2709 terrae
802 2648 892 2710 motu
912 2651 1021 2732 patrae
1043 2646 1263 2714 scindebantur
1286 2653 1414 2735 umque

215 2758 262 2822 sol
284 2756 453 2822 divinitatis
475 2754 615 2840 injuriae,
651 2755 754 2820 velum
777 2757 886 2840 templi
908 2759 1083 2824 sanctuario
1106 2759 1237 2841 animae,
1259 2761 1343 2826 terra
1363 2763 1415 2828 uel

214 2873 319 2954 petrae
341 2867 441 2934 carnis
464 2867 658 2933 innocentiae
681 2869 939 2952 compaterentur.
972 2869 1141 2952 Propterea
1162 2890 1236 2955 ergo
1259 2876 1324 2938 tres
1347 2874 1414 2940 dies

213 2981 246 3044 in
269 2976 431 3062 sepulchro
464 2975 575 3042 iecisse
596 2993 659 3042 non
680 2977 795 3061 injuste
818 2979 963 3059 creditur,
994 2983 1039 3060 ut,
1062 2980 1269 3065 gaudentibus
1291 2983 1329 3048 de
1357 2985 1416 3050 tri·

215 3090 308 3156 formi
341 3088 502 3172 sacrilegio
534 3087 638 3172 impiis
661 3088 800 3170 JudaeiS,
836 3091 969 3174 apostoli
990 3111 1047 3176 per
1069 3092 1207 3174 triduum
1241 3091 1414 3160 innocentis

215 3218 251 3265 ao
274 3200 471 3284 singulariter
503 3201 636 3266 mundae
667 3200 766 3267 carnis
790 3205 821 3266 et
843 3205 967 3268 sanabo
999 3203 1084 3268 illius
1121 3189 1242 3268 animae
1265 3204 1359 3269 simul
1383 3208 1416 3271 et

216 3310 386 3377 divinitatis
408 3310 609 3378 inhonoratae
631 3311 752 3395 injuriis
776 3315 1036 3398 compaterentur.
1070 3316 1231 3399 Quatenus
1254 3334 1271 3380 e
1292 3315 1415 3381 diuerso

216 3424 396 3508 resurgente
418 3421 551 3488 Domino
584 3424 644 3508 ipsi
666 3424 789 3509 gaudio,
824 3425 936 3492 Judaei
958 3443 1030 3490 vero
1052 3425 1232 3491 confusione
1263 3427 1415 3511 perpetuo

216 3536 407 3619 replerentur
424 3534 514 3618 juxta
534 3535 726 3618 promissum
742 3535 888 3601 dicentis:
906 3536 1109 3603 'Tristitia
1131 3539 1268 3603 vestra
1289 3539 1417 3602 vorte-

217 3651 281 3712 tur
313 3647 356 3712 in
385 3644 615 3732 gaudiuml)
659 3648 791 3733 Insuper
824 3666 896 3713 vero
928 3647 1063 3715 triformi
1096 3648 1239 3733 passione
1260 3665 1297 3713 ac
1318 3647 1415 3714 trium

217 3760 398 3822 naturarum
428 3755 460 3820 in
493 3756 616 3823 Christo
654 3761 870 3824 consummata
907 3757 1081 3826 obedientia
1120 3760 1213 3826 simul
1247 3762 1278 3825 et
1311 3759 1417 3826 tridua

219 3867 334 3934 Christi
368 3869 528 3953 sepultura
561 3868 717 3933 creatricis
752 3869 914 3935 Trinitatis
948 3869 1066 3936 homini
1100 3870 1292 3936 concilianda
1314 3869 1418 3937 iuerat

219 3973 375 4061 majestas,
408 3984 536 4064 peccato
569 3980 705 4050 hominis
743 3983 878 4050 triformi
902 3984 1034 4070 expiato.
1078 3983 1162 4048 Nam
1184 3988 1215 4050 et
1236 3983 1269 4050 in
1290 3984 1417 4052 homine

218 4091 380 4173 peccatum
403 4089 494 4174 gulae
515 4092 656 4175 propriae
679 4093 779 4158 carnis
802 4096 906 4160 reatus
928 4093 998 4176 fuit,
1021 4111 1117 4160 vanae
1138 4095 1292 4178 appetitus
1316 4095 1418 4162 scien·

140 4274 146 4282 ι
219 4199 280 4264 tiae
304 4199 413 4265 vitium
433 4202 572 4268 curiosae
593 4203 723 4282 animae,
746 4204 874 4270 tertium
897 4224 969 4272 vero
991 4205 1103 4272 uitium
1126 4205 1417 4292 superbia-divinae

323 4449 342 4520 ι)
361 4453 444 4508 utel.
465 4451 508 4510 aa
526 4452 574 4514 cu
595 4453 665 4505 roan.
685 4453 710 4508 a.
732 4452 775 4512 re.
800 4439 842 4494 -‘
860 4452 881 4522 ι)
900 4455 970 4512 roan.
993 4456 1018 4513 a.
1039 4456 1084 4513 ar.
1112 4415 1147 4499 ’-
1173 4452 1196 4527 ⁸)
1214 4458 1286 4514 roan.
1308 4453 1351 4514 ra.
1371 4457 1417 4514 ac.
