3168 5214
1269 430 1330 494 301

130 600 312 674 „somatum
327 603 359 664 et
373 600 501 683 propter
522 615 579 662 uos
602 597 767 663 recitatum
783 599 815 660 et
829 596 1012 662 recitabitur
1035 602 1066 664 et
1078 598 1101 678 ¹)
1122 601 1252 682 propter
1274 618 1333 684 po·

131 711 256 786 „steros
277 712 402 775 nostros
432 712 464 774 et
486 709 583 774 donec
610 710 769 774 saecudum
791 707 928 774 finiatur.
958 709 1089 776 Sursum
1111 714 1160 776 est
1180 713 1335 778 Dominus

132 821 210 898 ,sed
233 821 328 886 etiam
349 821 401 886 lric
423 825 472 887 est
501 821 616 886 veritas
638 821 802 887 Dominus.
825 820 946 904 Corpus
969 820 1051 886 enim
1071 823 1199 886 Domini
1220 824 1253 888 in
1274 844 1334 908 quo

136 931 324 1009 ,resurrexit
345 951 407 998 uno
429 933 498 999 loco
522 952 590 998 esse
611 935 725 1016 potest,
759 931 873 997 venus
897 931 963 1016 eJ'us
985 932 1102 1015 ubique
1134 934 1247 1003 diffusa
1279 942 1337 1004 est.

134 1044 327 1122 ,Dominum
349 1063 432 1130 ergo,
456 1044 567 1128 inquit,
590 1042 891 1127 audiamusetquod
913 1044 981 1129 ipsc
1004 1044 1165 1109 donaverit
1180 1045 1218 1111 de
1232 1046 1335 1114 verbis

134 1153 221 1240 ,ejus
244 1160 276 1222 et
297 1174 355 1222 uos
374 1156 545 1222 dicamus.“
559 1156 697 1221 -Haec
720 1157 840 1222 dicente
861 1157 950 1239 patre
972 1155 1150 1239 Augustino
1163 1157 1256 1224 verba
1268 1158 1335 1243 ejus

132 1267 261 1350 quidam
283 1268 330 1334 sic
351 1267 478 1352 rapiunt
499 1270 592 1351 atque
625 1267 658 1331 in
689 1285 783 1332 usum
805 1267 855 1331 sui
878 1267 990 1332 erroris
1014 1268 1151 1347 trahunt,
1187 1271 1275 1352 quasi
1296 1271 1336 1336 ab

130 1395 166 1442 eo
189 1377 309 1443 dictum
341 1379 384 1444 sit
416 1382 448 1445 et
481 1381 661 1445 constanter
692 1377 885 1443 affirmatum
908 1396 1018 1460 corpus
1041 1380 1177 1458 Domini,
1207 1381 1240 1444 in
1271 1401 1335 1464 quo

133 1491 303 1555 resurrexit
337 1509 463 1557 sursum
484 1491 517 1555 in
538 1491 642 1573 aliquo
666 1491 742 1556 coeli
774 1491 843 1555 loco
866 1508 934 1555 esse
956 1495 1029 1554 adro
1050 1492 1100 1555 vel
1121 1489 1245 1556 aethere
1267 1509 1335 1556 am-

131 1597 269 1666 bientem
291 1602 457 1681 inclusum,
491 1605 527 1667 ut
559 1603 592 1666 in
622 1600 761 1684 ejusdem
784 1601 832 1666 sui
854 1599 991 1683 corporis
1025 1599 1156 1665 ueritate
1189 1603 1336 1668 ecclesiae

133 1729 206 1778 suae
228 1713 375 1779 interris
397 1714 524 1797 degenti
546 1730 583 1779 ac
606 1713 818 1778 sacerdotibus
842 1710 909 1794 ejus
932 1710 1179 1777 sacrificantibus
1202 1711 1333 1796 aliisque

132 1841 166 1888 se
183 1824 401 1891 invocantibus
433 1822 686 1910 praesentialiter
708 1821 802 1886 simul
823 1821 856 1885 in
879 1821 1009 1886 diuersis
1041 1821 1118 1886 locis
1142 1821 1251 1886 adesse
1273 1840 1335 1886 non

131 1936 242 2019 possit.
268 1935 330 2002 Sed
352 1936 436 2001 aliud
458 1938 516 2015 est,
542 1934 624 2018 quod
646 1935 691 1999 ait
712 1936 802 2017 pater
824 1930 1031 2016 Augustinus,
1055 1949 1168 2015 corpus
1191 1931 1336 1998 uidelicet

132 2045 325 2113 dominicum
357 2065 419 2112 uno
451 2047 520 2113 loco
544 2065 612 2111 esse
633 2063 728 2130 posse
749 2046 800 2110 vel
822 2063 899 2124 esse,
938 2044 1019 2128 quod
1052 2061 1109 2108 nos
1132 2060 1255 2127 quoque
1273 2061 1337 2108 non

132 2157 385 2224 contradicimus.
407 2157 480 2224 Hoc
503 2159 585 2224 enim
608 2161 639 2222 ct
661 2158 699 2223 de
720 2155 858 2222 Domino
882 2159 953 2221 ante
975 2155 1218 2220 incarnationem
1230 2154 1334 2234 Verbi,

132 2284 236 2351 aquo
260 2267 464 2334 dictumest:
498 2285 587 2333 vere
609 2266 796 2333 Dominus
820 2271 882 2333 est
904 2267 943 2332 in
964 2268 1052 2332 loco
1074 2267 1207 2346 isto,²)
1240 2268 1335 2350 atque

130 2377 225 2458 aliud,
248 2379 331 2461 quod
352 2379 406 2445 isti
427 2380 564 2445 humana
594 2379 736 2463 opinione
765 2382 860 2463 atque
881 2379 1009 2444 animali
1031 2397 1125 2444 sensu
1147 2379 1185 2444 de
1208 2377 1334 2444 Christo

130 2489 330 2574 suspicantur
353 2509 425 2556 cum
447 2491 590 2556 videlicet
612 2492 696 2557 celso
718 2490 869 2556 tribunali
890 2490 1042 2575 stipatum
1065 2489 1193 2554 coelesti
1207 2489 1335 2554 materi-

131 2599 223 2666 aliter
237 2601 375 2668 excroitu
389 2601 422 2667 in
436 2601 542 2686 aliqua
557 2603 635 2668 coeli
649 2605 744 2687 plaga
756 2602 957 2685 corporaliter
979 2600 1123 2680 residere,
1146 2600 1228 2664 unde
1243 2617 1333 2664 suam

130 2713 266 2778 Romam
298 2714 347 2778 vel
369 2714 620 2798 Hierosolymam
653 2713 778 2797 obliquo
812 2713 861 2778 vel
894 2714 978 2778 recto
1001 2711 1110 2791 sidere,
1149 2711 1203 2776 sed
1223 2708 1334 2777 beatus

130 2823 320 2891 Ambrosius
343 2843 415 2891 eum
437 2843 500 2890 non
522 2827 725 2910 corporaliter
747 2824 853 2890 sedere
877 2824 1022 2904 adstruit,
1057 2841 1092 2888 eo
1116 2822 1200 2905 quod
1221 2820 1337 2905 ubique

130 2934 182 3014 sit,
208 2936 471 3018 quemadmodum
491 2935 524 3000 in
547 2935 648 3002 verbis
663 2935 690 3021 ⁸)
713 2935 789 3019 ejus,
826 2953 905 3019 quae
927 2935 1019 3019 paulo
1042 2937 1114 2999 ante
1136 2932 1336 3013 inseruimus,

130 3045 237 3130 palam
249 3048 308 3112 est.
330 3047 420 3129 Quod
432 3047 460 3111 si
471 3046 581 3113 beatus
597 3046 795 3132 Augustinus
818 3048 858 3112 ad
872 3047 1054 3112 Dardanum
1063 3044 1088 3130 4)
1112 3046 1249 3112 scribens
1273 3049 1335 3113 tale

130 3156 205 3241 quid
217 3157 331 3222 dixisse
352 3158 517 3239 invenitur,
531 3158 647 3226 Christi
669 3159 935 3242 videlicetcorpus
948 3177 1009 3224 uno
1032 3161 1157 3223 tantum
1178 3159 1247 3223 loco
1266 3177 1335 3224 esse

133 3269 168 3334 in
180 3269 277 3347 coelo,
289 3269 338 3333 lac
359 3270 464 3352 potius
486 3264 635 3353 parvulis,
649 3287 742 3353 quarn
755 3270 890 3335 solidum
902 3269 1006 3336 cibum
1016 3269 1161 3352 perlectis
1174 3265 1336 3352 dedisses)

236 3380 503 3464 Hieronymus
534 3400 664 3464 quoque,
700 3385 732 3446 et
764 3382 831 3465 ipse
852 3400 914 3447 non
937 3381 1178 3446 contemnendae
1200 3385 1337 3448 auctori-

132 3490 208 3556 tatis
232 3493 333 3574 patcr,
356 3511 483 3558 sensum
506 3494 596 3559 illum
619 3494 787 3577 corporalis
807 3495 857 3558 vel
877 3493 986 3558 localis
1007 3492 1189 3558 inclusionis
1212 3497 1338 3560 sancto·

132 3622 205 3669 rum
226 3603 259 3668 in
282 3601 452 3687 Vigilantio
475 3603 599 3686 irridet,
631 3609 747 3689 quanto
770 3605 873 3670 minus
896 3605 929 3670 in
950 3606 1085 3670 Domino
1108 3605 1187 3672 Josu
1208 3602 1247 3669 ab
1271 3606 1336 3671 ullo

133 3715 314 3800 sapientum
335 3715 547 3781 admittendus
570 3718 627 3795 est,
652 3735 744 3799 quem
767 3717 899 3781 eundem
921 3733 1037 3800 agnum
1060 3734 1123 3780 non
1144 3729 1207 3780 uno
1229 3714 1333 3798 aliquo

133 3826 202 3893 loco
224 3826 381 3893 inclusum
402 3827 486 3892 idern
508 3827 718 3908 Hieronymus
752 3827 807 3893 sed
830 3826 945 3911 ubique
967 3845 1036 3891 esse
1059 3829 1203 3892 testatur.
1249 3826 1338 3892 Allo·

134 3957 231 4021 quens
254 3955 388 4021 namque
410 3939 543 4005 eundem
569 3937 781 4024 Vigilantiam,
817 3957 908 4022 quem
932 3940 963 4003 et
985 3937 1187 4003 Dormitantii
1210 3937 1335 4002 nomine

133 4049 250 4130 irridet,
274 4050 319 4115 ait
339 4049 420 4115 inter
443 4045 587 4128 cereres)
630 4048 730 4134 „Lege
752 4050 969 4135 euangelium:
993 4048 1102 4115 Deus
1125 4047 1336 4128 Abraham,

135 4216 385 4228 ..m—⁸⁸¹·—

239 4309 260 4381 ¹)
278 4313 320 4366 cd.
340 4315 427 4369 ctiam.
454 4340 487 4354 -
518 4311 539 4384 ²)
565 4330 623 4380 gon.
648 4314 692 4368 28.
713 4314 757 4368 16.
777 4343 810 4356 -
839 4309 860 4382 8)
880 4313 936 4369 cod.
961 4313 1077 4371 verbum.
1098 4341 1132 4354 -—
1157 4311 1179 4380 ⁴)
1198 4313 1281 4380 Epist.
1302 4315 1336 4369 ad

134 4411 214 4464 Dard.
234 4407 385 4465 CLXXVII
405 4427 427 4467 c.
449 4410 492 4466 10.
512 4417 572 4468 tom.
590 4411 627 4468 11.
645 4427 671 4478 p.
691 4411 753 4466 681.
774 4441 798 4450 -
820 4412 839 4478 ⁵)
860 4411 947 4466 deest:
967 4413 1077 4467 ridetur.
1099 4440 1128 4453 ·-
1155 4408 1176 4480 ⁸)
1195 4411 1337 4468 S.llieron.

135 4524 193 4580 opp.
214 4507 264 4563 Ed.
285 4507 447 4566 Francofort.
468 4507 548 4568 1684.
568 4515 626 4564 tom.
648 4525 672 4575 p.
693 4508 737 4564 84.
