3168 5190
245 431 307 497 228

242 600 346 667 floatio
379 598 420 665 ab
450 597 555 682 impiis
588 598 716 665 ludaeis
748 557 882 664 ludibrio
914 596 1022 663 habite
1053 599 1086 664 iu
1119 597 1242 667 Christo
1276 602 1333 679 est,
1366 601 1442 664 dum

243 711 356 778 faeiem
389 709 455 795 ejus
477 709 648 794 gratiosam
669 712 702 776 et
721 709 911 775 luminosam
942 709 1080 775 velantes
1114 709 1206 793 quasi
1234 705 1351 781 salsum
1372 730 1446 795 pro-

242 823 372 910 phetam
404 820 568 888 irriserunt
599 820 752 886 dieentes:
796 817 1049 905 Prophetina
1083 819 1166 904 quis
1200 822 1274 902 est,
1308 818 1376 904 qui
1409 823 1447 887 te

240 932 470 1020 percussit?
483 929 509 1017 ²)
533 930 590 999 Cui
612 930 707 996 etiam
728 929 760 996 in
782 949 873 997 omos
896 931 1045 1016 pendenti
1067 933 1157 1015 quasi
1178 930 1258 998 falso
1273 932 1446 1017 prophetae

239 1046 427 1114 insidiantes
449 1044 592 1131 ajebant:
635 1041 714 1124 Vah,
748 1043 801 1127 qui
822 1042 956 1108 destruit
977 1042 1130 1125 templum
1152 1043 1211 1110 Dei
1233 1043 1318 1110 etin
1339 1043 1443 1111 tribus

240 1156 348 1224 diebus
371 1155 557 1224 reaedificat.
573 1157 599 1237 o)
621 1155 671 1220 Ad
692 1171 786 1238 quam
807 1153 983 1220 irrisionem
1003 1154 1203 1239 propheticae
1225 1155 1275 1221 rel
1297 1157 1444 1221 sacerdo·

239 1269 311 1337 talis
334 1268 495 1355 dignitatis
517 1269 612 1336 etiarn
632 1265 710 1333 illud
731 1265 881 1351 pertinuit
903 1265 985 1349 quod
1007 1282 1079 1330 eum
1099 1263 1240 1332 Herodes
1262 1271 1348 1333 reste
1369 1267 1443 1333 alba

240 1379 386 1446 indutum
405 1379 527 1446 remisit
547 1380 587 1445 ad
608 1378 757 1444 Pilatum.
789 1375 912 1442 Etenim
931 1374 1028 1442 vestm
1050 1371 1122 1441 alba
1142 1373 1254 1460 Ephori
1277 1380 1443 1446 sacerdotii

237 1491 360 1576 insigne
382 1494 440 1557 est.
484 1489 751 1560 Labiaautem
787 1486 1021 1554 sacerdotis
1058 1487 1443 1558 custodiuntsoisu·

238 1603 339 1670 tiam
360 1605 399 1669 et
419 1604 552 1687 legem
584 1601 804 1686 requirunt
835 1619 878 1666 er
911 1598 1102 1687 emejus,
1138 1599 1231 1685 quia
1263 1604 1440 1688 angelus

237 1713 401 1782 Domini
423 1711 677 1779 exereituum
699 1709 803 1796 est.)

336 1825 450 1908 Itaque
469 1823 503 1888 in
525 1821 668 1889 omnibus
692 1821 740 1889 his
763 1822 863 1889 derisa
886 1825 936 1888 est
951 1821 1031 1907 justi
1054 1823 1250 1910 simplicitas,
1268 1825 1439 1892 sacerdotis

236 1935 302 2002 reri
335 1935 506 2014 sanctitas,
539 1932 713 2018 prophetae
744 1931 851 2017 magni
883 1931 1036 2016 sapientie
1069 1933 1235 2018 singularis
1267 1934 1440 2019 sapientiae

235 2049 358 2132 lampas
381 2047 538 2112 contemto
559 2045 641 2130 apud
663 2042 867 2128 cogitationes
890 2042 1023 2110 divitum
1045 2045 1101 2111 ssd
1121 2048 1231 2130 parata
1251 2047 1291 2112 ad
1311 2051 1437 2132 tempus

236 2161 400 2227 statutum.
423 2157 521 2223 Porro
544 2157 666 2224 divinae
684 2158 814 2222 naturae
835 2173 892 2240 per
916 2173 1009 2240 quam
1030 2155 1095 2222 vita
1116 2156 1205 2224 nobis
1222 2159 1437 2226 estDominos

235 2271 331 2339 Jesus
353 2267 503 2354 regnique
525 2266 619 2346 illius,
653 2265 742 2350 oujus
774 2266 845 2332 fluis
868 2283 930 2332 nou
952 2273 1010 2346 est,
1044 2269 1076 2332 et
1108 2267 1190 2353 regis
1223 2270 1437 2337 universitatis

234 2380 336 2448 irrisio
358 2379 435 2444 haeo
456 2379 526 2459 fuit,
561 2377 643 2462 quod
664 2381 751 2444 veste
772 2395 930 2463 purpurea
951 2377 1088 2459 indutus,
1124 2379 1206 2463 quod
1228 2381 1325 2464 spinis
1348 2400 1438 2448 ooro-

234 2495 338 2573 natus,
374 2490 456 2575 quod
470 2486 660 2554 'arundinem
691 2507 747 2572 pro
771 2492 892 2574 seeptro
914 2507 1010 2555 mauu
1041 2490 1189 2574 gestavit,
1223 2493 1307 2575 quod
1340 2496 1438 2578 caput

234 2604 301 2688 ejus
324 2603 507 2671 ooronatum
539 2618 723 2686 percussum
756 2602 814 2680 ost,
849 2601 932 2684 quod
954 2600 1086 2684 denique
1106 2601 1218 2668 iisdem
1239 2601 1316 2687 ipsis
1337 2601 1437 2689 insig-

234 2713 326 2780 nibus
347 2711 496 2779 illusoriis
519 2710 672 2797 spoliatus
694 2728 731 2776 ao
752 2710 846 2776 morti
876 2710 976 2777 oruois
999 2711 1141 2778 addictus
1163 2714 1265 2779 nudus
1287 2713 1368 2781 inter
1388 2715 1436 2780 la·

233 2829 338 2893 trones
361 2842 533 2910 suspensas
555 2825 613 2889 est.
656 2823 738 2907 Quid
760 2823 844 2889 enim
865 2822 948 2890 vitae
979 2840 1016 2889 ao
1045 2823 1209 2910 principali
1230 2823 1322 2904 ritae,
1357 2841 1436 2909 quae

233 2936 319 3002 Deus
342 2939 399 3016 est,
432 2934 535 3018 magis
557 2933 748 2999 eontrarium
770 2952 864 3017 quam
887 2952 981 3014 mors,
1005 2936 1061 3000 aut
1083 2934 1157 3018 quid
1179 2933 1276 3020 regali
1307 2933 1435 3020 fastigio

234 3045 335 3131 magis
357 3044 524 3112 aduersum
547 3062 641 3129 quam
662 3043 772 3110 mortis
794 3045 982 3111 contumelia
997 3046 1028 3110 et
1042 3044 1200 3111 latronum
1221 3045 1435 3131 supplicium?

233 3155 369 3241 Propter
390 3154 450 3221 hoo
472 3171 555 3234 eane,
577 3157 614 3220 ut
635 3157 746 3219 notum
768 3156 832 3232 est,
856 3153 951 3219 morti
972 3155 1215 3222 oontumsliosas
1236 3155 1433 3240 adjudicatus

233 3267 290 3346 est,
315 3265 386 3350 quia
407 3263 507 3330 filium
522 3264 582 3330 Dei
603 3284 637 3331 ss
660 3264 769 3331 feeerit
784 3270 815 3333 et
829 3285 936 3352 regem
958 3287 1001 3347 ss,
1024 3270 1060 3333 ut
1081 3267 1216 3354 aiebant,
1237 3267 1432 3335 ludaeorum

232 3375 353 3442 dixerit.
397 3375 466 3442 Hoo
487 3379 593 3441 autem
614 3377 646 3441 et
659 3373 685 3460 4)
706 3375 870 3462 inseriptio
891 3377 977 3444 tituli
998 3379 1187 3462 ooutimbat,
1220 3399 1283 3466 qua
1305 3398 1434 3448 oausam

232 3486 344 3552 mortis
365 3484 431 3570 ejus
453 3485 679 3570 ignominiosae
701 3487 910 3572 significatam
931 3508 1000 3556 esse
1021 3493 1203 3560 voluerunt:
1224 3493 1246 3562 J
1251 3513 1345 3561 esus
1359 3492 1434 3560 Na·

232 3614 401 3664 turonus
430 3617 497 3664 rex
518 3598 767 3667 ludaeorum.

232 3815 273 3883 ab
293 3816 409 3902 iniquis
430 3816 538 3884 habita
559 3825 649 3903 suut,
674 3822 816 3890 videlieet
837 3823 972 3892 hominis
994 3824 1179 3906 innocentia,
1201 3826 1372 3911 prophetae
1394 3845 1432 3894 ao

231 3927 401 3994 saeeruotis
435 3929 583 3996 sauctitas
606 3934 637 3997 et
659 3933 821 4019 sapientia,
854 3933 957 4001 dirim
986 3935 1081 4002 simul
1103 3935 1269 4020 stragulis
1291 3935 1430 4022 dignitas

233 4041 266 4106 et
286 4038 434 4123 potentia.
480 4040 566 4123 Quae
587 4040 649 4108 tria
669 4042 757 4128 impii
793 4047 868 4112 tuno
890 4044 951 4113 sibi
972 4045 1137 4113 extinxisse
1157 4045 1191 4112 in
1213 4045 1337 4115 comto
1370 4048 1432 4118 visi

224 4152 314 4231 sunt,
348 4151 472 4236 quando
494 4151 528 4222 iu
549 4171 660 4222 manus
694 4155 798 4224 Patris
832 4158 958 4226 tradem
980 4155 1136 4243 Spiritum
1161 4157 1194 4228 in
1216 4177 1307 4226 ornos
1328 4158 1432 4247 exspi-

232 4493 246 4532 ι
333 4399 353 4468 ¹)
372 4400 435 4457 Luo.
454 4399 499 4460 22.
518 4401 564 4462 64.
583 4431 617 4444 -
638 4401 660 4473 ²)
677 4405 761 4460 Mati.
781 4403 826 4461 27.
845 4403 895 4470 4ος
914 4407 998 4462 nuo.
1019 4405 1061 4462 15.
1075 4405 1119 4465 29.
1139 4435 1173 4448 -
1193 4409 1214 4474 ⁸)
1233 4407 1349 4464 Maluoh.
1362 4405 1390 4466 2.
1404 4404 1430 4464 7.

245 4508 255 4566 J
273 4497 331 4556 aod.
349 4501 386 4554 ut.
