3168 5214
266 386 332 456 330

262 559 357 626 steria
377 558 473 625 Verbi
493 559 567 639 Dei,
580 561 732 642 quatenus
759 558 843 623 idem
864 555 1004 624 Verbum
1030 554 1187 642 Verbique
1209 554 1414 624 dilectionem
1441 553 1480 620 in

262 669 406 736 cordibus
440 671 573 735 aliorum
593 670 726 754 pariant,
758 686 818 752 quo
841 669 902 753 ipsi
926 668 1074 734 divinitus
1097 667 1248 734 illustrati
1271 668 1354 734 sunt.
1400 665 1481 734 Neo

261 781 377 846 mirum
410 782 472 847 talo
494 780 661 846 artificium
682 781 715 846 in
737 798 852 864 sponso
875 781 942 846 Deo
977 780 1105 864 ejusque
1127 779 1236 846 amicis
1258 780 1387 865 angelis,
1404 797 1477 862 quo

260 893 379 958 animae
403 895 526 958 sanctes
540 891 630 976 juxta
646 892 881 958 similitudinem
896 891 1034 957 visorum
1050 909 1086 957 ac
1102 909 1265 957 sensorum
1284 889 1480 957 coelestium

261 1001 364 1068 Verbo
387 1003 446 1068 Dei
468 1003 569 1068 foetas
591 1003 741 1083 reddunt,
776 1004 928 1087 quatenus
951 1003 1015 1067 tale
1037 1003 1111 1086 quid
1131 1002 1287 1087 loquendo
1311 1019 1365 1068 sou
1387 1002 1479 1067 scri-

260 1112 361 1178 bendo
384 1113 507 1197 pariant
531 1115 622 1198 quale
634 1114 696 1198 ipsi
707 1114 795 1199 prius
810 1115 843 1179 in
856 1113 1028 1180 visionibus
1040 1114 1221 1192 hauserunt,
1240 1129 1312 1191 non,
1327 1111 1478 1194 inquam,

262 1223 323 1289 hoc
344 1225 458 1290 mirum
481 1226 518 1290 de
541 1225 685 1305 Domino,
700 1244 772 1292 cum
794 1225 973 1309 patriarcha
995 1243 1118 1310 quoque
1139 1223 1239 1292 Jacob
1262 1241 1282 1288 a
1302 1222 1369 1287 Deo
1391 1223 1480 1288 doc-

262 1337 313 1400 tus
336 1335 370 1399 in
393 1335 502 1402 ovibus
536 1335 691 1402 foetandis
714 1337 776 1402 tale
800 1337 874 1421 quid
896 1337 928 1402 in
950 1336 1043 1420 hujus
1079 1335 1191 1402 secreti
1222 1334 1357 1420 figuram
1390 1333 1479 1398 olim

263 1445 381 1512 iecerit.
427 1445 515 1513 Sicut
537 1449 620 1513 enim
643 1465 715 1513 oves
746 1448 818 1513 illae
851 1468 887 1514 err
919 1451 1048 1532 aspectu
1070 1448 1230 1532 virgarum
1251 1443 1363 1512 coloris
1387 1444 1479 1510 varii

261 1557 348 1622 varia
370 1561 401 1622 et
421 1557 509 1643 ipsae
530 1562 729 1642 pepererunt,
752 1559 797 1626 sic
820 1562 927 1626 noster
947 1561 1101 1626 Dominus
1123 1577 1216 1625 verus
1231 1555 1332 1625 Jacob
1353 1555 1478 1622 timore

261 1669 293 1732 et
314 1685 420 1734 amore
452 1687 509 1734 suo
532 1672 658 1736 sanctas
680 1671 768 1735 novit
789 1671 908 1738 foetare
929 1672 1059 1750 animas,
1088 1673 1124 1735 ut
1145 1670 1221 1734 talia
1241 1668 1276 1733 in
1297 1665 1383 1733 verbi
1405 1665 1474 1730 Dei

264 1795 357 1863 opere
390 1799 446 1845 seu
478 1780 651 1846 ministerio
681 1783 805 1865 pariant
837 1783 940 1867 qualia
961 1783 994 1846 in
1016 1780 1272 1848 similitudinibus
1303 1779 1366 1845 illis
1397 1776 1477 1842 auri

261 1889 419 1972 spirituali
451 1891 569 1957 visione
590 1890 772 1960 hauserunt.
816 1895 906 1978 Quod
927 1895 960 1958 in
982 1893 1101 1960 visione
1121 1894 1176 1958 illa
1198 1892 1286 1961 Petri
1320 1891 1357 1956 de
1391 1906 1477 1956 vase

259 2001 355 2068 linteo
377 2003 580 2069 manifestum
602 2006 659 2084 ost,
683 2005 737 2070 ubi
760 2006 878 2071 dictum
900 2008 948 2070 est
969 1985 995 2070 oi
1020 2006 1057 2070 de
1072 2003 1259 2070 animalibus
1281 2001 1475 2074 immundis:

260 2116 446 2179 mactaet
464 2117 672 2198 manduca,
689 2120 728 2183 et
750 2116 965 2200 quaeDeus
988 2117 1203 2182 mundavit
1224 2119 1268 2180 tu
1289 2132 1335 2180 ne
1357 2130 1475 2178 com-

260 2246 377 2292 mune
415 2228 614 2312 cire.ris¹)‚
648 2245 741 2313 quam
774 2227 925 2294 visionem
958 2227 1117 2293 conversio
1150 2225 1293 2311 gentium
1321 2225 1474 2290 idolatria

267 2339 501 2406 immundorum
524 2360 579 2424 per
601 2339 668 2424 ejus
689 2337 1086 2406 ministeriumsubsecuta
1109 2341 1164 2404 ost.
1193 2336 1343 2403 Similiter
1363 2339 1476 2402 autem

218 2533 219 2538 ἵ
264 2453 296 2515 et
322 2450 482 2517 iohannes
505 2451 669 2536 theologus
691 2450 883 2516 mirabilium
905 2450 999 2529 visor,
1023 2467 1100 2533 quae
1122 2449 1210 2533 prius
1226 2449 1340 2533 ipsein
1355 2448 1474 2532 spiritu

260 2560 362 2626 factus
384 2563 579 2647 paradisiaca
613 2563 768 2628 suavitate
791 2562 823 2626 in
846 2562 977 2626 Patmos
997 2562 1099 2626 insula
1110 2561 1272 2644 praevidit,
1295 2561 1403 2625 eadem
1426 2561 1471 2625 ad

261 2673 416 2755 quandem
439 2674 674 2740 similitudinem
697 2673 836 2738 visorum
858 2673 1062 2758 postmodum
1085 2671 1247 2738 scribendo
1270 2670 1470 2755 evangelium

262 2785 353 2865 quasi
374 2785 412 2849 de
435 2786 528 2850 tortio
552 2787 640 2851 coelo
662 2785 819 2849 illustrato
843 2783 909 2867 ojus
925 2783 1096 2849 intellectui
1112 2781 1287 2847 sublimiter
1301 2780 1468 2848 eructavit.

260 2892 343 2975 Quid
375 2895 457 2959 enirn
491 2899 549 2979 est,
572 2897 655 2980 quod
687 2894 790 2961 factus
821 2895 855 2960 in
877 2895 990 2979 spiritu
1023 2893 1143 2959 audivit
1174 2912 1283 2959 vocem
1315 2909 1468 2978 magnam

259 3007 420 3088 tamquam
436 3005 530 3074 tubae
553 3009 704 3074 dicentis:
728 3009 827 3090 quod
850 3008 963 3073 vides
987 3006 1170 3091 seriose)
1192 3005 1253 3072 nisi
1271 3005 1355 3089 quod
1374 3007 1467 3086 post-

259 3117 388 3182 modum
421 3118 513 3184 rebus
550 3120 739 3201 completum
773 3121 820 3184 est
842 3118 925 3184 circa
957 3119 1072 3204 ipsum,
1095 3120 1274 3203 postulante
1306 3116 1461 3180 nimirum

257 3245 369 3313 magno
403 3229 553 3296 desiderio
586 3231 716 3296 ecclesia
749 3249 820 3295 curn
842 3230 1002 3314 Ephesum
1044 3229 1198 3308 rediisset,
1222 3230 1374 3311 quatenus
1403 3225 1466 3291 ob-

259 3337 456 3406 refutandam
477 3341 704 3407 haereticorum
725 3341 809 3406 iilius
831 3341 983 3426 temporis
1005 3341 1101 3406 immo
1125 3343 1156 3406 et
1178 3341 1312 3406 aliorum
1333 3342 1460 3424 tempo·

261 3470 332 3516 rum
365 3452 565 3519 refellendam
597 3451 785 3518 haereticam
815 3453 1002 3536 pravitatem
1036 3451 1184 3518 scriberet
1206 3449 1408 3535 evangelium
1432 3449 1469 3516 in

265 3580 325 3645 quo
348 3564 386 3628 de
409 3564 570 3630 divinitate
593 3563 689 3628 Verbi
716 3564 775 3629 Dei
803 3565 929 3630 doceret
950 3581 986 3630 ac
1007 3564 1187 3647 loqueretur
1209 3579 1288 3646 quae
1311 3559 1463 3626 sentiret?

257 3674 301 3740 Et
324 3677 397 3760 quid
418 3677 572 3760 estquod
591 3675 655 3740 eit:
678 3678 718 3739 et
740 3694 968 3741 conversus
991 3693 1076 3740 sum
1095 3678 1136 3741 ut
1158 3669 1376 3756 viderem),
1399 3671 1466 3738 nisi

259 3786 340 3870 quod
362 3787 444 3852 idem
466 3788 626 3870 apostolus
658 3786 798 3854 instituit
819 3787 859 3851 ab
882 3786 1013 3852 ecclesia
1032 3804 1089 3870 pro
1114 3805 1146 3850 se
1165 3785 1319 3870 jejunium
1341 3787 1373 3851 et
1391 3802 1467 3852 ora·

257 3898 358 3964 tiones
379 3896 457 3978 fieri,
495 3901 647 3982 quatenus
680 3898 750 3982 ipse
772 3899 810 3963 de
833 3900 921 3963 tanta
952 3916 985 3962 re
1007 3897 1101 3982 digna
1123 3895 1259 3964 scribere
1277 3898 1463 3964 mereretur.

257 4007 345 4073 Idem
368 4007 442 4090 quid
464 4008 618 4091 estquod
639 4009 708 4093 ipse
731 4009 830 4074 denuo
854 4026 1021 4075 conversus
1043 4009 1145 4076 filium
1166 4009 1300 4074 hominis
1323 4007 1403 4074 vidit
1423 4008 1462 4074 in

257 4117 358 4184 medio
381 4120 500 4201 septem
522 4118 777 4185 candelabrorum
788 4136 965 4201 aureorum,
986 4121 1074 4204 cujus
1090 4125 1184 4206 caput
1200 4123 1232 4187 et
1246 4119 1352 4205 capilli
1367 4124 1461 4186 erant

258 4228 379 4295 candidi
413 4231 574 4312 tamquam
595 4230 666 4295 lana
689 4229 760 4296 alba
782 4235 813 4296 et
834 4234 997 4316 tamquam
1016 4233 1084 4313 nix,
1119 4232 1202 4316 quid,
1215 4233 1352 4316 inquam,
1366 4231 1464 4314 caput

260 4400 370 4408 *—
384 4401 508 4408 -..ῃ-...-

359 4466 378 4536 ¹)
396 4473 445 4522 aot.
467 4468 508 4523 10.
530 4469 573 4523 13.
599 4499 624 4508 ·-
650 4466 671 4538 ²)
689 4483 762 4536 apoc.
785 4471 808 4524 1.
829 4469 872 4524 11.
893 4497 926 4508 -—
947 4466 969 4537 ³)
988 4484 1059 4534 apoc.
1081 4469 1106 4525 1.
1128 4466 1171 4522 12.
