3158 5212
287 432 329 498 62

285 607 388 691 potius
402 608 425 694 ¹)
454 611 681 692 amputandum
702 609 849 695 porrexit,
879 628 974 693 quam
996 613 1032 676 ut
1053 612 1092 677 ad
1115 630 1159 693 ea,
1184 631 1262 696 quae
1283 613 1481 698 petebantur,

284 739 469 788 consensum
486 720 685 808 praeberet.²)
704 724 745 788 ut
766 722 840 787 dum
856 723 973 788 clamor
987 723 1060 788 hinc
1076 723 1147 790 inde
1166 725 1313 791 confusus
1328 726 1481 810 aliquam·

283 833 337 898 diu
371 831 615 916 percrebruisset
649 853 702 900 rex
724 853 795 899 oum
817 833 1026 918 indignatione
1057 836 1089 899 et
1109 837 1198 899 motu
1221 835 1316 902 animi
1345 855 1477 922 surgens

284 943 368 1009 abire
390 943 501 1028 coepit.
526 942 586 1009 Sed
608 946 640 1010 et
661 945 792 1010 domnus
814 961 895 1029 papa
915 963 950 1009 ex
971 947 1132 1028 praecepto
1156 944 1293 1011 militum
1315 964 1387 1012 cum
1408 967 1482 1034 rege

284 1056 315 1119 et
336 1057 408 1138 post
428 1073 534 1139 regem
556 1053 641 1120 abire
663 1056 841 1139 compulsus
865 1058 921 1120 est.
957 1054 1039 1120 Hinc
1060 1055 1176 1138 praeda
1196 1060 1372 1141 grassatur,
1403 1058 1478 1124 hina

283 1164 390 1230 caedes
422 1164 536 1231 civium
564 1183 764 1231 romanorum
786 1184 841 1248 pro
863 1168 988 1249 pastore
1010 1184 1076 1246 suo,
1110 1183 1202 1250 quem
1223 1165 1354 1233 liberare
1376 1169 1483 1253 cupie-

282 1275 367 1356 bant,
400 1276 617 1355 morientium
659 1276 773 1360 captivi
807 1294 928 1360 quoque
962 1276 1067 1341 domni
1101 1275 1281 1344 cardinales
1312 1279 1481 1345 trahuntur

281 1387 421 1471 aliusque
443 1387 543 1454 clerus
565 1388 647 1452 intra
668 1387 823 1453 ambitum
845 1387 991 1453 ecclesiae
1017 1387 1047 1452 b.
1070 1387 1156 1454 Petri
1178 1389 1331 1455 inventus.
1367 1388 1481 1456 Omnia

281 1498 433 1582 siquidem
457 1500 536 1564 ostia
558 1499 706 1565 ecclesiae
729 1498 892 1564 observata
921 1498 1045 1564 fuerant
1073 1517 1112 1564 ne
1135 1499 1203 1581 quis
1226 1497 1321 1565 libere
1344 1500 1482 1585 effugere

280 1610 441 1693 potuisset
478 1609 625 1694 Episcopi
654 1608 792 1674 videntes
821 1627 899 1692 quae
930 1610 1046 1675 fiebant
1066 1628 1190 1695 gemere
1220 1628 1256 1676 ac
1283 1609 1403 1677 facinus
1425 1612 1482 1678 de·

281 1721 398 1802 testari,
421 1721 618 1805 sacrilegium
640 1719 809 1785 clamitare.
844 1721 945 1787 Multa
966 1739 1038 1786 vero
1061 1723 1093 1785 et
1114 1719 1310 1787 inenarrabili
1332 1723 1425 1788 caede
1447 1723 1481 1787 in

279 1831 361 1896 cives
383 1833 560 1916 perpetrata
581 1850 634 1896 rex
655 1829 767 1916 abitt)
790 1834 821 1896 et
843 1831 974 1896 domnus
997 1849 1078 1915 papa
1099 1830 1257 1897 Paschalis
1279 1851 1351 1898 curn
1373 1851 1408 1898 eo
1424 1834 1481 1898 sed

279 1941 398 2006 cinctus
421 1940 460 2005 ab
479 1940 539 2004 alio
562 1943 593 2005 et
615 1942 726 2008 ductus
750 1961 809 2025 quo
832 1940 966 2006 nolebat.
989 1943 1067 2006 Erat
1088 1941 1190 2006 videre
1212 1941 1344 2007 miseria.
1371 1941 1481 2010 (lardi-

279 2052 363 2117 nales
391 2053 503 2137 aliique
531 2053 633 2119 clerici
663 2058 766 2119 tenere
788 2051 908 2116 educati
932 2051 1057 2116 funibus
1079 2051 1281 2117 trahebantur
1303 2051 1343 2117 ab
1365 2052 1480 2136 equiti-

277 2161 347 2242 bus,
371 2183 447 2246 quos
468 2165 524 2246 illi,
547 2169 582 2230 ut
604 2167 756 2249 poterant,
785 2161 992 2246 sequebantur
1017 2181 1071 2244 per
1092 2163 1210 2246 plateas
1232 2163 1298 2227 luto
1320 2161 1477 2248 profundo

276 2293 313 2341 ac
342 2275 443 2340 tenaci
470 2277 519 2341 rix
540 2279 742 2362 emergentes.
776 2275 921 2358 Dumque
947 2272 1065 2356 pedites
1094 2272 1249 2356 equitibus
1278 2271 1479 2339 coambulare

276 2405 338 2452 nou
359 2390 487 2470 possent
512 2387 610 2454 hastis
638 2386 822 2453 transversis
850 2403 958 2450 eorum
980 2385 1108 2449 dorsum
1130 2387 1162 2449 et
1183 2385 1282 2450 latera
1302 2387 1485 2474 pungentes

275 2498 314 2563 ad
325 2499 510 2564 currendum
522 2497 682 2583 cogebant,
706 2499 750 2563 ita
772 2501 807 2563 ut
829 2495 925 2579 aliqui
939 2495 1020 2559 inter
1035 2512 1146 2559 manus
1165 2495 1355 2561 trahentium
1374 2487 1485 2561 vitam‘

275 2608 459 2674 exhalarent.
493 2609 555 2693 Qui
576 2628 648 2674 vero
671 2608 910 2693 supervixissent
931 2606 988 2670 hos
1011 2625 1064 2688 per
1086 2609 1236 2672 nocturna
1259 2609 1399 2690 tempora
1420 2607 1472 2673 vel
1515 2591 1521 2614 ⁵

275 2720 372 2785 saccis
395 2720 531 2786 inclusos
560 2721 610 2786 rel
632 2722 748 2786 eatenis
779 2724 834 2785 aut
860 2718 930 2783 aliis
956 2718 1096 2798 vincuhs,
1130 2737 1168 2782 ne
1190 2717 1265 2802 fuga
1286 2717 1473 2799 laberentur,

272 2830 416 2895 astrictos
440 2830 613 2911 servabant,
636 2832 732 2898 donec
753 2829 833 2897 forte
855 2830 932 2916 eis⁴)
954 2829 1098 2913 pecunias
1122 2848 1198 2913 quas
1221 2829 1270 2895 vel
1291 2849 1346 2913 per
1368 2849 1401 2894 se
1422 2829 1474 2893 vel

273 2939 425 3025 amicos⁵)
455 2940 567 3007 habere
596 2945 739 3027 poterant
765 2943 973 3008 extorsissent.
1017 2941 1083 3006 Neo
1105 2941 1221 3006 mirum
1241 2940 1300 3005 hoc
1322 2938 1361 3004 de
1381 2937 1473 3018 rivis,

273 3050 427 3135 siquidem
449 3055 480 3117 et
501 3055 650 3120 cadavera
672 3054 761 3119 victis
784 3053 902 3119 civibus
924 3055 1046 3116 mortua
1061 3071 1116 3135 pro
1136 3053 1267 3137 captivis
1285 3047 1473 3117 redimendis

272 3159 418 3245 pleraque
441 3163 535 3228 etiam
557 3183 611 3247 pro
635 3164 780 3247 pecuniae
801 3164 899 3246 pretio
923 3162 1165 3228 venditaverunt.
1189 3164 1230 3228 Et
1246 3178 1327 3247 papa
1346 3160 1473 3245 quidem

273 3269 442 3336 ducebatur
463 3291 499 3339 ac
522 3274 702 3341 servabatur
723 3275 756 3339 in
778 3275 927 3352 custodia,
956 3273 1150 3338 honorabant
1171 3293 1243 3340 vero
1267 3292 1338 3340 eum
1359 3270 1473 3336 nihilo·

272 3380 376 3446 minus
407 3383 543 3470 episcopi
564 3385 677 3470 aliique
698 3387 843 3451 timentes
866 3386 977 3450 Deum.
1007 3385 1050 3448 Ea
1073 3402 1146 3450 sane
1167 3385 1336 3450 intentione
1357 3401 1376 3447 a
1397 3401 1472 3468 rege

272 3491 441 3559 ducebatur
463 3497 613 3582 captivus,
648 3500 797 3579 quatenus
832 3496 1019 3579 captivitatis
1053 3496 1126 3561 fune
1159 3495 1403 3562 benedictionem
1440 3492 1469 3558 ei

270 3599 462 3685 imperialem
494 3611 687 3694 extorqueret
716 3607 821 3692 sicque
850 3625 911 3671 una
938 3626 1010 3673 cum
1034 3604 1245 3673 benedictione
1273 3606 1322 3671 vel
1343 3603 1470 3669 investi=

271 3714 357 3780 turas
379 3716 610 3803 episcopatuum
633 3717 786 3785 obtineret
807 3719 856 3784 vel
878 3717 994 3802 regalia
1011 3717 1114 3784 omnia
1131 3719 1172 3783 ad
1188 3717 1354 3803 imperium
1371 3718 1469 3782 retra·

270 3821 366 3890 heret.
400 3825 471 3892 Non
493 3829 649 3896 dimittam
671 3834 712 3912 te,
741 3829 893 3915 inquiens,
920 3829 979 3895 nisi
1001 3828 1105 3896 taliter
1124 3826 1315 3896 benedixeris
1337 3827 1467 3909 mihi⁶);

272 3985 518 3998 ——-—.

373 4055 392 4127 ¹)
410 4058 466 4114 cod.
486 4063 573 4116 totius.

372 4151 392 4224 ²)
411 4154 450 4210 Ol.
470 4155 562 4216 Chron.
575 4158 695 4216 Admont.
709 4160 743 4214 ad
753 4177 777 4215 a.
789 4160 868 4217 1106.
887 4159 939 4214 Pez
948 4162 1039 4230 Script.
1054 4177 1104 4219 rer.
1112 4159 1227 4218 austriae
1246 4166 1304 4218 tom.
1317 4159 1356 4218 11.
1367 4178 1392 4230 p.
1405 4161 1466 4218 183.

368 4251 389 4323 ³)
408 4255 464 4310 cod.
484 4257 546 4310 abit.

368 4351 390 4423 ι)
409 4354 465 4409 cod.
486 4358 523 4408 ais
542 4372 601 4424 per
618 4359 750 4427 pecunias.
857 4360 859 4364 ’

370 4448 390 4519 ⁵)
408 4453 464 4508 ced.
484 4457 587 4512 amicas.

368 4545 390 4621 8)
408 4549 442 4604 cl.
462 4553 573 4607 Raumer
590 4555 682 4611 dasch.
701 4556 749 4610 der
767 4553 960 4610 llohcnxtaufen
978 4555 1000 4610 1.
1020 4556 1074 4612 267
1093 4558 1118 4613 n.
