3158 5212
1249 439 1290 504 15

24 485 26 602 l

24 605 25 670 l
75 613 108 674 et
125 613 255 694 stupore
271 609 416 673 cadentes
439 625 555 673 suras
579 607 715 672 femori
738 607 1021 689 imponerent.¹)
1045 606 1146 673 Dtilli
1163 608 1288 690 quidem

24 671 26 758 Ῐ
74 720 222 803 potentia
255 720 288 785 et
316 735 446 784 numero
470 719 644 801 superiores
677 719 763 783 velut
799 717 831 782 in
865 717 953 800 equis
975 719 1072 783 immo
1106 721 1138 783 et
1165 736 1235 785 rere
1256 719 1290 782 in

75 832 169 916 equis
193 834 225 897 et
246 831 279 895 in
300 829 443 896 curribus
466 829 679 895 vectabantur.
702 830 763 894 Hic
785 849 858 894 vero
881 830 1039 895 interdum
1061 830 1220 896 solitarius
1243 830 1292 894 in·

75 943 193 1008 cedens
227 960 343 1026 equum
376 943 408 1008 et
429 959 630 1006 ascensorem
662 959 750 1009 more
785 939 897 1024 dejecit
930 941 1084 1024 serpentis
1119 940 1290 1024 improviso

24 1083 26 1144 p
76 1053 265 1122 mordentis.
287 1055 325 1118 In
341 1071 401 1137 quo
418 1055 450 1116 et
464 1051 497 1117 id
512 1051 707 1134 serpentinae
729 1052 865 1118 astutiae
886 1053 935 1117 vel
956 1051 1141 1135 prudentiae
1160 1052 1289 1132 exstitit,

24 1152 25 1162 ¹
77 1166 165 1250 quod
187 1165 352 1248 aliquando
375 1185 410 1230 se
430 1163 558 1230 funibus
580 1163 690 1229 vinciri
712 1167 744 1230 et
766 1164 906 1228 vinctum
928 1162 1094 1246 allophylis
1118 1163 1199 1230 tradi
1220 1182 1291 1247 per·

77 1277 179 1358 misit,
203 1276 317 1361 quibus
339 1276 474 1342 traditus
496 1276 603 1342 hostes
626 1274 754 1340 funibus
777 1275 911 1358 diruptis
933 1274 1060 1353 delevit,
1085 1275 1168 1357 quod
1191 1275 1290 1359 captis

78 1406 205 1472 quoque
225 1385 371 1470 vulpibus
408 1386 540 1471 alligans
562 1387 647 1452 faces
671 1389 793 1470 segetes
813 1404 925 1472 eorum
946 1385 1087 1452 incendit
1112 1387 1219 1470 sicque
1241 1388 1292 1452 di-

79 1501 182 1566 versis
215 1498 318 1564 modis
351 1497 493 1564 laedendi
522 1497 665 1563 indmicoe
689 1499 866 1582 serpentina
899 1497 1069 1564 calliditate
1092 1495 1287 1564 occasionem

77 1615 193 1678 nactus
216 1615 274 1678 est.
305 1606 380 1676 Sive
402 1613 510 1675 autem
533 1608 602 1693 quis
621 1610 659 1674 de
680 1609 866 1674 antichristo
889 1609 954 1675 sire
976 1609 1014 1674 de
1036 1607 1188 1675 Samsone
1209 1609 1290 1675 hauc

77 1723 270 1808 scripturam
291 1723 524 1806 interpretetur,
547 1738 610 1786 non
633 1718 776 1804 cogimur
797 1740 852 1804 per
873 1721 942 1801 hoc,
966 1723 1003 1786 ut
1024 1722 1062 1786 de
1084 1739 1197 1806 genere
1219 1722 1290 1787 Dan

77 1839 110 1900 et
133 1853 198 1900 nou
220 1834 345 1902 aliunde
368 1832 572 1900 antichristus
594 1819 773 1898 nasciturus
796 1831 991 1898 aestimetur.
1036 1831 1175 1897 Possunt
1197 1832 1289 1916 enim,

77 1964 159 2031 quae
184 1947 223 2012 de
245 1944 330 2011 tribu
354 1946 424 2011 Dau
455 1945 619 2029 prophetia
640 1943 802 2028 praedixit,
838 1944 934 2010 etiam
954 1962 1010 2027 per
1029 1946 1156 2028 tropum
1178 1943 1291 2010 simili·

77 2057 198 2124 tudinis
221 2057 406 2124 antichristo
429 2056 601 2137 convenire,
625 2056 767 2141 quamvis
790 2057 828 2121 de
849 2056 903 2120 illa
925 2054 1010 2120 tribu
1031 2057 1209 2124 nasciturus
1225 2074 1288 2122 nou

24 2207 25 2222 κ
77 2167 130 2249 sit,
156 2168 240 2236 sicut
262 2173 388 2234 econtra
418 2169 570 2251 mysteria
592 2166 709 2236 Christi
741 2187 797 2252 por
819 2169 951 2234 eundem
972 2168 1072 2236 Jacob
1102 2187 1157 2252 per
1176 2167 1288 2233 simili·

78 2279 224 2346 tudinem
244 2278 278 2346 in
299 2279 385 2346 tribu
407 2279 526 2362 Joseph
548 2279 733 2362 prophetata
755 2281 838 2359 sunt,
862 2281 900 2345 de
922 2297 983 2363 qua
1004 2283 1111 2345 tamen
1133 2277 1227 2360 tribu,
1251 2282 1288 2344 ut

75 2396 191 2459 notum
213 2395 272 2474 est,
296 2391 449 2459 Dominus
472 2392 567 2458 Jesus
597 2392 768 2457 secuudum
791 2409 917 2457 carnem
938 2410 1000 2456 non
1023 2390 1191 2460 descendit.
1236 2389 1288 2456 Sic

76 2506 163 2572 enim
185 2505 231 2571 ait
251 2505 333 2570 inter
355 2506 477 2570 caetera
492 2503 574 2568 idem
590 2502 691 2570 Jacob
714 2502 898 2569 benedicens
913 2503 1051 2586 Josoph:
1076 2501 1287 2568 Dissoluta

77 2619 173 2682 eunt
195 2615 350 2682 vincula
382 2613 637 2681 brachiorum
660 2618 698 2680 et
720 2633 899 2680 manuum
932 2612 1014 2697 ejus
1046 2632 1111 2697 per
1132 2630 1288 2676 manum

76 2729 262 2812 potentis
285 2727 419 2808 Jacob,
441 2727 892 2812 indepastoregreseus
915 2727 975 2791 est
996 2722 1288 2813 lapisIsrael.¹)

80 2840 169 2906 Haec
194 2839 348 2924 siquidem
380 2838 475 2905 verba
498 2840 631 2904 eumad
655 2859 782 2906 sensum
804 2840 854 2905 vel
881 2837 1077 2922 superficiem
1098 2837 1221 2902 litterae
1241 2835 1289 2903 illi

79 2953 155 3017 tunc
177 2951 211 3016 in
233 2969 325 3016 carne
361 2951 486 3035 degenti
508 2952 710 3016 convenirent
736 2950 865 3034 Joseph,
904 2947 993 3032 cujus
1019 2948 1143 3013 vincula
1164 2946 1288 3013 brachi-

80 3083 172 3129 orum
196 3067 228 3129 et
250 3081 418 3144 manuum,
453 3062 566 3147 quibus
598 3082 669 3129 eum
701 3063 856 3128 Dominus
892 3081 967 3126 suus
1001 3059 1161 3125 eunuchus
1194 3058 1287 3144 regis,

24 3221 25 3256 ,
79 3175 220 3262 Aegypti
252 3175 391 3240 vinxerat
424 3174 578 3241 dissoluta
611 3178 685 3240 sunt
717 3195 772 3258 per
787 3169 789 3172 ’
805 3191 933 3238 manum
955 3171 1104 3255 potentis,
1144 3170 1290 3237 videlicet

24 3271 25 3328 ¹
79 3285 149 3367 Dei,
192 3285 245 3370 qui
282 3287 330 3350 est
363 3264 476 3368 potens
514 3287 546 3349 et
580 3285 733 3350 Dominus
766 3283 881 3364 Jacob,
915 3284 996 3348 unde
1032 3283 1116 3348 idem
1152 3283 1190 3347 de
1228 3300 1289 3366 qua

24 3419 27 3502 p
79 3397 278 3464 uinculorum
310 3397 464 3462 solutione
499 3415 644 3482 egressus
679 3400 727 3462 est
763 3399 871 3480 pastor
903 3395 970 3478 ipse
1002 3393 1121 3476 Joseph
1155 3411 1287 3477 pascens

79 3509 262 3596 Aegyptum
306 3508 401 3573 simul
445 3512 476 3574 et
520 3507 652 3587 iratres,
698 3507 810 3592 quibus
854 3507 920 3586 ait,
965 3504 1097 3570 nolite
1140 3505 1288 3570 timere

80 3640 150 3706 ego
185 3637 350 3704 pascam
388 3638 457 3684 ros
497 3625 535 3686 et
571 3622 770 3705 parvulos
805 3615 1009 3696 rest-ros³)
1044 3616 1172 3701 ipseque
1208 3615 1288 3700 lapis

24 3745 26 3778 r
80 3733 164 3800 idest
199 3732 418 3798 fulcimentum
463 3736 495 3798 et
529 3733 765 3798 firmamentum
808 3729 942 3795 fratrum
979 3746 1108 3793 suorum
1151 3724 1288 3791 filiorum

80 3846 190 3924 Israel,
206 3863 278 3909 cum
292 3844 361 3923 hoc,
385 3843 524 3928 inquam,
547 3863 640 3909 sensu
658 3843 727 3927 jam
749 3843 832 3907 diota
855 3839 949 3906 rerba
970 3838 1073 3922 typico
1103 3835 1288 3903 conveniant

80 3956 211 4041 Joseph,
243 3953 391 4038 mysteria
413 3957 519 4020 tamen
544 3954 670 4020 Domini
703 3953 803 4019 nostri
825 3953 904 4019 Jesu
938 3949 1055 4018 Christi
1087 3948 1163 4032 ipsis
1184 3945 1288 4012 verbis

24 4041 27 4080 ³
82 4067 269 4152 prophetata
292 4070 374 4132 sunt.
397 4067 470 4151 lpse
492 4071 541 4132 est
563 4068 645 4132 euim
659 4085 750 4132 verus
765 4066 787 4132 J
790 4064 885 4149 oseph
900 4063 983 4129 iilius
999 4079 1187 4138 accrescens,
1201 4058 1253 4143 qui
1269 4075 1288 4121 a

24 4195 26 4276 l

24 4341 26 4372 ¹
225 4358 285 4412 rua.
308 4358 351 4414 15.
371 4359 397 4414 e.

188 4362 196 4393 1

185 4357 207 4521 ’ζ
226 4453 288 4507 Gon.
308 4451 353 4506 49.
373 4451 418 4506 24.

186 4545 207 4616 ³)
226 4544 289 4600 Gen.
309 4543 354 4601 50.
374 4543 419 4602 21.
