3158 5212
202 386 222 450 6

201 558 349 642 magistri
384 564 417 623 et
450 557 603 622 innuente
637 555 699 622 sibi
730 555 828 619 Petro
850 552 1018 636 inquisivit
1041 552 1168 619 dicens:
1213 554 1409 636 Domine,

201 662 295 744 quis
317 669 398 744 est,
423 663 493 747 qui
515 660 663 727 tradet
685 655 785 743 te‚¹)
820 661 853 721 et
886 656 1035 722 dominus
1067 656 1111 722 ad
1145 677 1228 740 eum,
1263 658 1315 723 oui
1337 677 1410 741 ego,

201 765 316 852 inquit,
331 767 504 833 intinctum
518 785 636 851 panem
651 781 836 848 porrexero.
860 761 913 827 Da
935 762 1036 846 igitur
1057 768 1091 827 et
1113 761 1191 827 mihi
1214 762 1410 846 discipulum

199 890 298 956 super
319 877 431 956 pectus
454 870 585 937 Domini
601 875 710 934 nostro
727 865 792 950 in2)
816 871 962 949 tempore
985 868 1233 949 recumbentem,
1258 887 1320 950 quo
1343 887 1411 931 me-

201 973 312 1039 diante
335 975 510 1041 Dominum
543 974 584 1038 de
607 977 820 1058 portentuoso
854 970 915 1035 hoc
937 972 1119 1055 iniquitatis
1141 972 1288 1037 ministro
1311 972 1410 1036 inter·

200 1099 312 1162 rogem
334 1084 368 1144 et
389 1081 437 1146 sic
460 1081 543 1144 forte
565 1078 599 1142 in
614 1076 752 1142 materia
766 1077 937 1158 proposita
952 1077 1108 1160 proficere
1124 1082 1247 1162 potero.
1271 1077 1314 1141 Et
1337 1094 1409 1141 esse

201 1182 331 1267 quidem
358 1184 442 1249 tales
465 1183 687 1268 apostolorum
717 1178 930 1264 pedissequos
953 1183 1052 1246 etiam
1074 1187 1184 1247 nostro
1207 1181 1409 1266 intempore

200 1307 266 1352 non
287 1287 430 1354 diffiteor
452 1286 511 1354 sed
533 1288 604 1352 Deo
627 1285 732 1368 magis
755 1284 904 1367 cognitos
927 1305 1023 1369 quam
1046 1285 1239 1368 hominibus,
1273 1304 1409 1368 quorum

201 1396 312 1456 tamen
333 1392 461 1476 aliquos
484 1391 582 1456 etiam
606 1388 649 1455 ad
671 1408 764 1453 meae
786 1388 960 1471 parvitatis
982 1389 1132 1455 notitiam
1153 1410 1212 1474 per
1234 1387 1410 1455 manifesta

201 1494 332 1562 divinae
354 1496 489 1580 pietatis
511 1493 633 1560 indicia
655 1492 810 1557 confiteor
831 1493 1018 1576 pervenisse
1040 1493 1084 1560 ad
1105 1492 1235 1560 laudem
1258 1492 1409 1558 nimirum

201 1600 274 1684 Dei,
297 1602 353 1685 qui
376 1602 476 1666 etiam
499 1620 584 1666 nunc
606 1604 717 1664 nostro
740 1594 894 1663 videlicet
915 1597 950 1662 in
973 1603 1119 1683 tempore
1141 1598 1175 1663 in
1197 1597 1319 1663 sanctis
1341 1595 1409 1662 suis

199 1704 384 1772 laudandus
407 1712 467 1772 cst.
498 1704 585 1770 Novi
607 1723 669 1786 ego
691 1721 791 1766 unum
813 1701 1017 1767 sacerdotem
1049 1703 1120 1768 Deo
1155 1709 1188 1768 et
1225 1701 1408 1768 hominibus

201 1807 356 1874 dilectum
371 1816 405 1874 et
415 1809 486 1892 jam
509 1828 574 1873 non
596 1805 685 1892 apud
708 1806 813 1870 Deum
829 1810 955 1871 tantum
970 1805 1029 1872 sed
1044 1807 1144 1873 etiam
1158 1806 1248 1893 apud
1261 1805 1409 1871 homines

199 1932 363 1998 magnum,
386 1913 442 1996 qui
463 1911 571 1979 adhuc
586 1916 697 1976 aetate
708 1909 820 1995 junior
834 1909 1002 1993 professae
1017 1911 1230 1977 castimoniae
1245 1909 1408 1977 inhabito

205 2017 354 2083 monachi
376 2015 619 2083 conservandae
640 2014 800 2081 sollicitus
823 2019 856 2078 et
877 2014 1015 2081 multum
1037 2018 1108 2082 Deo
1132 2015 1320 2100 supplicans
1342 2013 1408 2079 ovi·

199 2119 290 2185 denti
313 2119 443 2188 divinae
465 2121 657 2186 clementiae
680 2119 773 2202 signo
795 2115 830 2180 in
851 2136 887 2182 so
910 2118 997 2185 facto
1020 2119 1193 2185 exauditus
1215 2119 1268 2185 sit.
1300 2116 1409 2201 Siqui-

200 2222 275 2288 dem
300 2223 482 2292 invisione
505 2225 657 2311 apparuit
687 2223 717 2287 ei
739 2219 828 2287 haud
844 2220 977 2288 dubium
1012 2223 1090 2308 quin
1122 2224 1185 2288 Dei
1217 2223 1354 2308 angelus
1375 2222 1410 2287 in

200 2327 310 2412 specie
331 2327 460 2411 medici,
499 2330 554 2413 qni
587 2329 673 2394 circa
696 2324 855 2412 genitalia
877 2326 950 2393 loca
971 2327 1116 2414 corporis
1153 2327 1224 2413 ejus
1260 2326 1409 2393 balsamo

199 2432 364 2516 perunxit.
388 2434 439 2500 llx
461 2453 525 2517 qno
549 2438 694 2518 tempore
716 2431 751 2496 in
773 2449 812 2494 eo
836 2450 901 2497 non
922 2434 1028 2499 solum
1051 2432 1155 2500 omnis
1177 2431 1315 2497 tentatio
1339 2451 1408 2496 car·

198 2536 285 2604 nalis
318 2537 469 2622 refriguit
501 2536 560 2604 sed
594 2556 652 2623 pro
685 2535 808 2602 semine
842 2538 1044 2622 corruptibili
1081 2537 1189 2621 gratia
1220 2535 1312 2602 verbi
1345 2534 1409 2601 Dei

198 2640 379 2708 seminandi
394 2642 478 2710 adeo
500 2642 627 2727 inipso
650 2647 748 2708 aucta
770 2648 830 2724 est,
861 2647 898 2709 ut
931 2641 1098 2709 benivolus
1120 2640 1250 2708 auditor
1272 2639 1409 2707 audiens

201 2745 300 2828 dicat,
323 2746 411 2832 quod
432 2767 508 2814 vere
530 2746 695 2832 particeps
718 2744 853 2814 effectus
876 2749 918 2814 sit
939 2746 1122 2833 sapientiae
1145 2746 1186 2812 de
1202 2765 1236 2812 se
1253 2745 1409 2812 dicentis:

201 2850 254 2918 nt
275 2853 506 2920 balsamum
528 2871 607 2918 non
628 2852 799 2917 mixtum
833 2850 937 2918 odor
966 2849 1126 2936 meus.³)
1172 2851 1274 2917 Novit
1296 2856 1330 2916 et
1351 2856 1409 2917 tua

202 2955 360 3023 sanctitas
374 2955 537 3022 hominem
552 2961 665 3021 notum
676 2957 747 3021 Deo
763 2961 796 3020 ot
811 2956 874 3021 sibi
889 2956 961 3042 ipsi.
987 2957 1068 3036 Quis
1091 2956 1176 3022 enim
1198 2956 1300 3038 novit,
1324 2975 1408 3039 quae

203 3060 335 3126 suntin
357 3060 496 3142 homine,
530 3060 593 3125 nisi
616 3060 778 3144 sapientia
801 3059 882 3142 ejus,
906 3062 962 3143 qui
984 3061 1019 3126 in
1041 3061 1113 3147 ipso
1136 3060 1209 3127 est?
1254 3061 1409 3145 Alioquin

200 3163 314 3229 timere
335 3170 447 3249 posset
468 3163 597 3230 animae
628 3183 708 3229 suae
738 3165 902 3248 ignoranti
925 3166 1088 3250 seipsam
1121 3165 1293 3231 convenire
1326 3163 1409 3230 illud

177 3269 235 3358 ¹in
268 3268 403 3334 canticis
436 3269 652 3333 canticorum:
698 3267 740 3333 si
774 3269 1024 3353 ignoraste,
1060 3292 1079 3337 o
1114 3270 1409 3357 pulcherrima

200 3373 538 3451 intermulieres,
557 3374 761 3458 egredere
781 3379 821 3438 et
837 3375 1210 3460 abipostvestigia
1233 3394 1408 3459 gregum

201 3482 242 3542 et
263 3497 395 3563 pasce
417 3477 572 3546 hoedos
594 3485 687 3545 tuos
707 3478 831 3563 juxta
853 3480 1128 3547 tabernacula
1149 3477 1407 3566 pastorum.⁴)

202 3581 246 3647 At
268 3583 334 3666 ille,
358 3588 395 3649 ut
416 3584 502 3650 nosti
519 3591 552 3649 et
574 3590 610 3649 ut
631 3582 723 3649 novit
736 3584 818 3668 *ipsa
839 3583 910 3668 ejus
933 3583 1043 3650 anima
1054 3584 1249 3652 coelestibus
1270 3585 1408 3664 intenta,

200 3707 265 3752 non
287 3689 455 3754 consuevit
478 3687 601 3755 hoedos
623 3708 758 3774 pascere
781 3687 840 3753 sed
862 3708 975 3772 agnos.
1001 3725 1041 3736 -—

302 3791 377 3857 Soio
392 3799 425 3859 et
441 3792 541 3858 alium
557 3793 598 3859 de
610 3813 743 3859 numero
765 3793 980 3876 sacerdotnm,
1005 3794 1059 3878 qui
1082 3798 1159 3860 ante
1181 3813 1284 3860 annos
1306 3793 1408 3859 ferme

201 3895 300 3960 XXX
322 3896 400 3962 item
423 3896 661 3963 adolescentior
683 3897 790 3964 adhuc
811 3903 887 3982 post
908 3904 1083 3966 nocturnas
1106 3900 1242 3964 fratrum
1277 3896 1408 3984 vigilias

202 4058 347 4066 ———-—.-.
360 4060 417 4066 .-—-.
433 4061 452 4066 .-

306 4129 325 4196 ¹)
347 4130 405 4184 Job.
426 4129 470 4185 tt.
491 4131 535 4186 20.

304 4225 326 4296 ²)
345 4228 437 4281 Glossa
463 4231 491 4279 in
516 4232 631 4295 margine
649 4233 761 4284 codicis:
787 4229 910 4283 Habuisti
934 4229 1038 4297 quidem
1066 4229 1113 4283 aad
1147 4244 1195 4282 non
1227 4227 1351 4296 perfecte,
1379 4234 1409 4283 ut

348 4304 425 4354 stiam
444 4303 511 4354 nulli
530 4303 626 4356 homini
644 4307 672 4356 in
691 4307 758 4358 bono
777 4321 858 4373 usquo
876 4305 966 4358 boram
986 4303 1075 4357 datum
1093 4305 1140 4380 est.

302 4397 324 4468 ⁸)
342 4399 417 4454 Eooli
436 4399 481 4456 24.
501 4400 546 4455 21.

302 4495 325 4568 ⁴)
344 4496 415 4559 Gant.
437 4497 463 4552 1.
483 4497 508 4554 7.
