3158 5212
556 771 668 839 cap.
688 770 894 828 XXXIV.

114 897 385 987 Inpedimentum
406 894 683 965 reaedificationis
703 894 818 981 templi
840 895 874 962 et
895 895 1135 965 haereticorum
1156 894 1322 964 molimina

608 1006 832 1075 conferuntur.

219 1195 303 1264 Sane
330 1197 412 1281 qnod
442 1196 624 1280 captivitate
650 1214 705 1278 per
736 1194 853 1278 Cyrum
875 1194 1011 1259 relaxata
1034 1195 1179 1279 vasisque
1209 1195 1324 1262 sanctis

116 1309 155 1374 de
178 1307 353 1392 Babylonia
379 1308 411 1371 in
439 1307 616 1374 Jerusalem
644 1306 785 1386 revectis,
815 1305 1026 1372 fundamentis
1056 1325 1180 1392 quoque
1215 1308 1324 1393 templi

114 1419 211 1503 jactis
241 1437 318 1502 opus
349 1418 535 1502 impeditum
565 1422 614 1484 ast
642 1437 696 1502 per
721 1417 886 1501 principes,
914 1418 966 1501 qui
988 1421 1077 1483 arant
1097 1423 1184 1484 trans
1208 1419 1324 1485 flumen

120 1531 155 1595 in
177 1528 359 1615 regionibus
382 1528 550 1609 Samariae,
574 1548 708 1613 quorum
729 1529 857 1595 nomina
879 1531 953 1594 sunt
973 1527 1071 1594 haec:
1104 1529 1215 1611 Reum,
1238 1530 1323 1610 Beel,

119 1640 279 1707 Thaemon
308 1645 340 1705 et
369 1639 490 1706 Samsai
518 1637 620 1704 scriba
640 1643 671 1704 et
694 1639 788 1704 ceteri
811 1639 981 1738 consiliarii
1004 1657 1121 1720 eorum,
1153 1641 1205 1725 qui
1228 1640 1323 1706 etiam

118 1752 286 1837 epistolam
307 1751 514 1817 accusationis
537 1752 689 1816 miserunt
712 1750 860 1815 adversus
883 1751 1021 1817 ludaeos
1044 1751 1084 1816 ad
1106 1769 1212 1835 regem
1228 1751 1324 1818 Arta·

118 1877 232 1926 xerxen
252 1861 370 1944 primo,
394 1859 503 1926 deinde
525 1878 648 1947 quoque
669 1860 709 1924 ad
732 1860 878 1940 Darium,
906 1861 989 1944 quod
1011 1881 1068 1946 per
1089 1860 1162 1943 hoa,
1185 1863 1323 1946 inquam,

119 1990 199 2055 opus
226 1971 412 2055 immditum
440 1974 489 2036 est
518 1988 617 2053 nsque
639 1970 679 2034 ad
701 1970 872 2036 secundum
894 1987 1010 2036 annum
1031 1972 1119 2038 Darii
1141 1973 1225 2058 regis
1248 1974 1326 2040 Par·

119 2099 228 2148 sarum
257 2086 289 2147 et
313 2081 480 2147 Medorum
506 2080 565 2146 hoo
593 2081 626 2144 in
654 2081 883 2146 haereticorum
914 2086 1027 2167 typum
1051 2083 1193 2150 diabolus
1217 2088 1325 2150 contra

119 2195 252 2260 domum
266 2193 325 2258 Dei
347 2190 559 2257 manufactam
582 2192 710 2257 molitus
735 2194 792 2271 est,
816 2192 899 2258 sicut
920 2194 1031 2258 turrim
1056 2212 1177 2278 quoque
1191 2196 1278 2260 illam
1293 2197 1325 2262 in

119 2323 231 2390 campo
254 2304 342 2369 Dura
363 2305 396 2370 in
417 2304 604 2388 positionem
626 2304 737 2369 domus
761 2304 818 2369 Dei
836 2307 867 2368 et
882 2303 914 2367 in
929 2308 1040 2388 typum
1056 2303 1234 2371 futurarum
1249 2306 1323 2372 hae·

118 2417 239 2482 resium
265 2417 350 2500 prior
378 2416 443 2500 ipse
465 2415 628 2480 aedificare
650 2414 784 2479 tentavit
806 2433 860 2497 per
882 2414 1033 2495 homines,
1065 2416 1116 2500 qui
1145 2416 1185 2481 ab
1207 2417 1325 2483 criente

118 2532 139 2596 i.
161 2549 187 2596 a.
212 2527 252 2593 ab
273 2530 365 2594 unius
394 2529 459 2594 veri
489 2528 548 2593 Dei
577 2527 752 2612 cognitione
775 2529 807 2592 et
829 2527 993 2592 dilectione
1015 2529 1094 2592 moti
1117 2531 1207 2607 sunt3
1242 2529 1324 2594 sicut

119 2642 230 2707 decem
253 2659 374 2724 quoque
403 2639 503 2704 tribus
530 2657 587 2723 per
616 2637 731 2702 vitulos
755 2654 864 2702 aureos
887 2655 906 2700 a
929 2637 1021 2702 domo
1044 2638 1103 2704 Dei
1125 2639 1228 2720 scidit,
1262 2658 1325 2705 non

120 2752 227 2818 solum
258 2751 304 2817 illi
334 2750 441 2816 domui
464 2749 524 2817 Dei
554 2747 752 2814 manufactae
778 2749 919 2815 invidens
943 2751 997 2814 sed
1019 2754 1051 2815 et
1071 2748 1195 2817 futuras
1217 2754 1326 2817 contra

119 2863 288 2929 ecclesiam
316 2861 458 2928 scissioni
486 2860 715 2925 haereticorum
736 2860 908 2926 intendens.
954 2862 995 2927 Ilt
1016 2860 1178 2927 hominum
1201 2861 1327 2946 quidem

115 2972 186 3057 jam
209 2972 365 3039 dictorum
387 2991 464 3057 opus
487 2969 726 3056 impedientium
748 2971 897 3037 molimen
912 2973 952 3038 ad
966 2971 1026 3038 hoc
1040 2974 1149 3054 valuit,
1173 2975 1325 3057 qnatenus

120 3086 162 3151 ad
196 3087 430 3172 suggestionem
458 3101 566 3151 eorum
596 3102 649 3149 rex
675 3081 861 3149 Artaxerxes
895 3085 1086 3169 praeciperet
1118 3103 1157 3150 me
1190 3085 1327 3150 sinerent

120 3195 206 3261 idern
239 3213 316 3281 opus
350 3197 416 3262 fieri
449 3196 546 3262 donec
579 3195 661 3259 forta
694 3213 787 3278 super
820 3194 879 3261 hoc
907 3195 990 3280 ragis
1018 3199 1219 3279 praeceptum
1241 3196 1325 3261 aliud

116 3306 261 3394 jubentis
276 3310 499 3392 agnoscerent;
523 3305 612 3389 cujus
634 3305 851 3389 impedimenti
873 3310 995 3389 tompus
1018 3305 1113 3371 simul
1127 3325 1200 3372 oum
1213 3324 1249 3370 eo
1267 3325 1326 3390 quo

122 3419 324 3485 aedificatum
345 3423 394 3486 est
417 3419 634 3502 computantes
658 3415 679 3483 J
683 3417 772 3482 udaei
801 3419 1075 3503 quadraginta,
1105 3419 1265 3502 inquiunt,
1296 3422 1327 3484 et

122 3551 184 3597 sex
204 3531 316 3596 annis
338 3529 600 3595 aedificatum
616 3529 677 3592 est
700 3530 892 3616 templum
918 3530 988 3610 hoc
1011 3534 1049 3596 et
1071 3533 1110 3594 tu
1137 3530 1176 3595 in
1198 3529 1326 3596 tribus

122 3641 261 3707 diebus
285 3637 492 3706 excitabis
515 3640 676 3725 illud1),
700 3657 772 3705 cum
803 3637 964 3723 Dominus,
997 3641 1047 3707 cui
1076 3639 1152 3706 haec
1182 3641 1326 3708 dicebant

123 3755 281 3820 struentes
294 3753 492 3835 calumniam,
516 3770 576 3816 non
600 3752 638 3817 de
656 3753 772 3835 templo
795 3753 848 3818 illo
872 3752 1061 3833 manufacto,
1085 3752 1139 3818 sed
1156 3753 1193 3816 de
1208 3753 1325 3836 templo

123 3864 264 3948 corporis
287 3863 336 3928 sui
358 3864 494 3930 dixisset.
519 3862 682 3944 Solvite,
705 3864 858 3946 inquiens,
883 3865 1070 3948 templum
1091 3864 1159 3929 hoc
1181 3867 1218 3929 ot
1240 3869 1328 3948 post

123 3975 292 4041 triduum
316 3973 495 4040 excitabo
518 3975 662 4060 illud.²)

227 4083 429 4152 sanabalath
451 4107 573 4173 quoque
594 4086 741 4154 Oronites
767 4092 799 4151 et
821 4087 935 4153 lobias
952 4087 1150 4154 Ammonitas
1174 4090 1205 4154 et
1223 4086 1328 4154 (iosen

126 4194 229 4263 Arabs
251 4195 521 4265 reaedificantibus
546 4201 675 4266 domum
698 4198 827 4264 eandem
843 4199 970 4264 Domini
991 4198 1115 4266 fortiter
1129 4199 1326 4280 restiterunt,

230 4429 250 4499 ¹)
267 4431 340 4485 Jcan.
359 4432 385 4486 2.
406 4431 449 4486 20.

229 4527 250 4599 ²)
268 4530 342 4586 loon.
361 4529 387 4584 2.
409 4530 451 4584 19.
