3168 5214
258 385 323 452 364

257 557 830 636 1161661616611661666661116611,
854 559 890 620 61
914 557 1025 622 saltem
1054 556 1127 620 talis
1166 555 1284 622 vexatio
1318 556 1459 622 intellec-

258 674 325 738 tum
350 671 438 736 deret
460 669 580 734 auditui
604 669 682 753 ejue.

756 1009 969 1078 cap.111.
992 1079 996 1103 j

499 1211 568 1279 1166
587 1209 714 1298 judicia
736 1229 777 1276 ss.
801 1207 974 1276 Trinitatis
998 1207 1033 1276 in
1054 1207 1210 1276 homines.

363 1426 412 1489 Sic
434 1442 506 1489 vero
530 1428 561 1490 et
583 1423 792 1505 mellendum
817 1442 911 1507 super
936 1423 1107 1489 electorum
1130 1442 1294 1488 numerum
1328 1424 1395 1510 ejus
1430 1425 1462 1492 in

254 1541 345 1606 malis
373 1539 448 1605 filiis
478 1536 730 1622 multiplicantur
763 1538 942 1618 conceptue,
974 1535 1082 1600 didicit
1111 1537 1204 1618 atque
1239 1539 1365 1620 experta
1402 1541 1460 1616 661,
1519 1609 1525 1619 ,

255 1655 408 1736 quantum
430 1651 505 1716 mali
527 1648 621 1714 fuerit
654 1648 775 1712 curiose
798 1665 870 1712 curn
894 1648 1035 1728 serpente
1057 1646 1222 1712 miscuisse
1260 1647 1459 1732 colloquium,

255 1783 291 1829 ex
315 1782 375 1848 quo
400 1763 546 1828 videlicet
570 1760 724 1842 colloquio
748 1761 830 1824 uncle
853 1762 884 1823 et
911 1759 1032 1823 curiose
1053 1762 1256 1843 praesumpto
1280 1759 1461 1844 serpentina

252 1875 307 1938 illa
328 1874 488 1958 generatio
512 1872 720 1954 multiplicata
742 1873 800 1946 661,
815 1869 905 1952 juxta
929 1869 1131 1933 maledictum
1153 1869 1281 1933 Domini
1304 1871 1465 1936 dicentis:

252 1984 467 2068 multiplicabo
486 2002 651 2049 aerumnas
675 1986 706 2046 61
729 1985 899 2066 conceptus
922 1983 1004 2044 1666.
1049 1979 1132 2045 Nam
1156 1982 1183 2046 si
1204 1982 1258 2046 illa
1289 2001 1361 2048 cum
1396 1983 1462 2047 Do·

253 2095 338 2161 mino
362 2096 548 2180 simpliciter
570 2094 765 2160 ambulasset
788 2093 846 2157 soli
870 2112 905 2156 ex
942 2111 978 2156 ea
1004 2091 1228 2157 benedictionis
1257 2093 1376 2175 primae
1406 2093 1463 2158 lilii

252 2207 318 2270 nati
340 2205 483 2271 fuissent.
528 2204 620 2270 Nunc
644 2221 716 2268 vero
740 2225 776 2268 er
799 2205 1018 2268 maledictione
1048 2204 1116 2289 jam
1154 2206 1238 2270 dicta
1271 2206 1302 2268 in
1336 2208 1461 2272 tantum

252 2317 393 2400 ejusdem
415 2315 642 2380 maledictionis
666 2315 722 2380 lilii
745 2316 943 2398 multiplicati
967 2319 1050 2394 6661,
1074 2320 1167 2400 atque
1201 2335 1256 2398 per
1293 2335 1345 2382 666
1383 2318 1460 2383 6166

256 2427 465 2510 multiplicata
500 2429 573 2490 sunt
607 2427 690 2491 mala
726 2428 758 2490 in
792 2429 884 2505 terra,
908 2431 944 2491 ut
978 2427 1111 2510 superba
1148 2427 1314 2493 crudelitas
1353 2447 1462 2494 eorum

252 2543 347 2624 atquc
370 2538 503 2603 crudelis
528 2537 675 2622 superbia
697 2538 834 2601 hnmana
857 2537 977 2604 viscera
1007 2539 1236 2604 comedentium
1269 2557 1332 2603 non
1369 2539 1460 2604 aliter

251 2669 347 2735 quam
370 2651 485 2715 diluvio
508 2650 679 2714 universali
710 2649 805 2713 deleri
842 2649 1006 2731 potuisset.
1051 2650 1112 2732 Qui
1146 2649 1240 2715 etiarn
1279 2651 1372 2734 primi
1407 2651 1461 2735 ju·

251 2765 373 2830 storum
409 2765 623 2845 persecutores
657 2761 794 2838 fuerunt,
828 2778 846 2823 a
879 2759 980 2842 primo
1013 2764 1101 2842 patre
1134 2761 1274 2843 ipsorum
1316 2761 1394 2828 Cain
1427 2762 1460 2826 in

249 2875 358 2956 typum
381 2872 540 2957 sanguinis
564 2872 681 2938 Clnisli
713 2880 744 2936 et
777 2874 951 2954 martyrum
993 2870 1059 2954 ejus
1097 2869 1177 2937 Abel
1215 2873 1306 2956 justo
1345 2872 1458 2938 occiso.

249 2984 397 3048 Similiter
419 2988 524 3049 antem
547 2988 674 3068 etpost
708 2982 861 3047 dilnvium
892 2981 947 3046 filii
979 2982 1081 3048 Adam
1111 2985 1189 3048 moti
1225 2985 1263 3048 dc
1292 2983 1412 3049 oriente
1435 2984 1457 3048 i.

250 3115 275 3158 e.
301 3095 412 3160 relicta
434 3095 566 3160 veritato
588 3096 700 3159 turrim
730 3094 892 3159 aedificare
930 3093 1089 3176 cupientes
1113 3097 1208 3178 atque
1246 3094 1457 3174 aedificantes

249 3205 338 3288 cujus
363 3207 485 3271 culmen
507 3207 699 3290 pertingeret
721 3207 760 3270 61
783 3204 1088 3291 coelum,primitiae
1110 3205 1341 3274 haereticorum
1381 3207 1459 3271 exti-

248 3320 363 3382 terunt.
408 3318 550 3399 Quorum
565 3320 696 3383 6666166
720 3315 781 3382 Dei
803 3317 957 3401 sapientia
980 3316 1138 3400 sapienter
1169 3315 1254 3381 elisit
1291 3316 1457 3383 dividendo

248 3431 281 3494 et
302 3428 518 3494 confundendo
553 3429 677 3513 linguas
712 3445 829 3507 eorum,
866 3429 991 3491 utnon
1020 3426 1211 3511 intelligeret
1240 3427 1458 3512 unusquisque

247 3540 423 3622 proximum
461 3543 493 3604 et
530 3539 662 3604 fratrem
695 3557 797 3605 suurn.
842 3538 904 3602 Per
935 3536 994 3602 hoc
1025 3537 1108 3602 cuim
1138 3536 1234 3602 etium
1271 3537 1456 3605 Christianis

249 3649 444 3735 temporibus
468 3651 624 3715 haeretica
646 3650 773 3714 6666616
792 3650 882 3715 66116
904 3647 1047 3713 16111616
1071 3653 1131 3728 661,
1148 3650 1223 3715 dum
1255 3649 1394 3716 haeresis
1424 3650 1457 3715 in

248 3760 453 3844 unaqualibet
474 3760 654 3845 linguarum
677 3765 782 3826 exorta
804 3780 866 3826 non
899 3779 933 3824 66
967 3759 1058 3825 facile
1095 3762 1129 3826 in
1162 3762 1291 3827 alterius
1329 3762 1456 3848 linguae

246 3872 330 3936 66161
350 3872 492 3937 66116666
515 3870 696 3938 diffundere.
712 3873 769 3960 ‘nt
790 3872 850 3937 hoc
873 3871 998 3956 quidem
1019 3871 1173 3958 judicium
1196 3877 1307 3938 contra
1330 3871 1455 3958 typicos

246 3983 808 4068 166661166666616611661.6111116
843 3987 902 4052 Dei
936 3987 1038 4053 lacere
1076 3983 1231 4066 66666611,
1262 3984 1345 4050 61661
1376 3982 1455 4048 illud

246 4096 434 4179 praecedens
456 4114 511 4178 per
534 4095 687 4160 diluvium
710 4099 818 4160 contra
842 4097 1023 4181 giganteam
1045 4096 1263 4162 crudelitatem
1285 4098 1316 4161 et
1345 4113 1454 4179 super·

247 4205 332 4270 biam
355 4205 514 4290 majestati
535 4210 682 4290 paternae
705 4211 801 4291 atquc
823 4211 956 4274 creatori
979 4212 1163 4278 cunctorum
1174 4206 1285 4275 iecisse
1298 4207 1453 4292 congmit.

346 4341 518 4408 616666
542 4343 667 4426 quidem
701 4343 905 4428 praecedente
938 4343 1043 4409 libello
1078 4343 1198 4410 dictum
1235 4346 1290 4412 661
1320 4345 1360 4412 61
1392 4345 1453 4412 166

246 4456 384 4538 repetere
407 4454 515 4521 eadem
536 4453 640 4520 visum
663 4457 720 4536 661,
745 4455 842 4520 6116
871 4453 1104 4522 Sodomitarum
1131 4452 1340 4538 subversione,
1368 4459 1454 4540 quod
