3168 5190
1256 418 1318 485 287

19 575 20 580 ’
121 581 178 658 „in
200 581 312 645 natura
334 579 392 645 Dei
412 581 528 646 inesset
549 585 644 666 atque
665 583 709 648 ita
731 583 823 649 homo
845 587 939 653 lesus
963 587 1104 655 Christus
1127 592 1266 655 maneret
1288 589 1321 655 in

120 689 244 774 „gloria
265 691 324 756 Dei
347 691 459 773 Patris,
483 691 563 757 siin
584 692 679 760 Verbi
701 695 833 778 gloriam
855 715 926 763 aaro
945 703 1028 766 esset
1043 700 1130 766 unita
1145 699 1320 785 rediretque

120 807 220 880 „tuno
252 804 285 869 in
305 807 435 869 naturae
468 807 614 888 paternae
647 807 740 872 otiam
774 810 944 875 seeundum
977 809 1135 876 hominem
1168 811 1319 877 unitatem

122 915 285 993 „Verbum
306 932 377 980 earo
400 901 518 981 fastum
534 935 604 982 oum
619 918 751 1002 gloriam
766 918 860 986 Verbi
883 937 953 986 aare
976 924 1097 987 seruata
1113 922 1136 1004 ¹)
1158 923 1319 990 tenuisset.

122 1027 312 1107 „Reddenda
332 1027 428 1112 igitur
449 1029 541 1112 apud
556 1048 589 1093 se
611 1029 713 1112 ipsum
736 1031 819 1115 patri
834 1034 901 1097 erat
915 1033 1018 1098 unitas
1035 1050 1099 1113 sua,
1123 1037 1159 1099 ut
1173 1033 1318 1100 nativitas

122 1142 274 1216 „naturae
296 1158 372 1205 suae
387 1138 419 1204 in
440 1158 473 1204 se
487 1158 612 1206 rursum
627 1141 827 1225 glorificanda
842 1145 998 1223 resideret,
1022 1145 1095 1229 quia
1117 1145 1284 1229 dispensati
1296 1143 1323 1228 ²)

123 1252 266 1328 „novitas
290 1249 491 1316 offensionem
514 1249 642 1316 unitatis
665 1251 813 1320 intulerat
834 1257 866 1320 et
885 1255 997 1335 unitas,
1020 1258 1056 1320 ut
1076 1254 1214 1339 perfecta
1228 1258 1319 1322 antea

122 1361 248 1450 „fuerat
279 1362 365 1426 nulla
397 1380 465 1428 esse
486 1380 568 1427 nuno
590 1365 722 1447 poterat,
750 1365 810 1430 nisi
842 1365 1015 1449 glorificata
1047 1366 1129 1448 apud
1152 1385 1185 1431 se
1207 1367 1318 1432 fuisset

123 1472 246 1550 „oannis
268 1472 452 1556 assumptio.
473 1471 515 1537 Et
527 1472 642 1541 ideireo
659 1475 746 1539 tanto
762 1478 853 1542 antea
869 1479 1051 1560 praeparato
1073 1476 1113 1540 ad
1134 1475 1206 1542 lidei
1225 1475 1317 1560 hujus

124 1583 385 1667 „intelligentiam
427 1601 520 1649 sensu
565 1602 637 1648 oum
666 1584 809 1653 dixisset:
854 1586 948 1652 haeo
979 1589 1041 1652 est
1073 1588 1205 1651 autem
1238 1587 1319 1651 vita

124 1697 639 1778 „aeternauteognosaant
660 1697 698 1759 te
721 1697 844 1761 solnm
866 1697 1319 1781 verumDeumatqnem

125 1805 293 1880 „misisti
314 1805 335 1871 J
342 1825 447 1872 esum
463 1805 686 1886 Christum,
700 1810 722 1890 ³)
745 1807 877 1891 subjecit
893 1809 1062 1874 secundum
1078 1808 1318 1892 dispensationis

125 1935 218 1995 „suae
241 1915 461 1982 obedientiam:
480 1916 564 1999 'Ego
587 1920 623 1983 ta
644 1918 880 2002 glorificavi
903 1921 1202 2003 superterram,
1225 1937 1317 2002 opus

124 2025 421 2105 „eonsummavi
442 2027 548 2109 quod
570 2026 725 2094 dedisti
740 2029 835 2094 mihi
851 2032 894 2095 ut
909 2029 1121 2113 facerem&
1142 2029 1318 2113 Postquam

125 2146 180 2217 „nt
201 2139 312 2204 merito
325 2141 349 2220 ⁶)
371 2136 562 2203 obedientiae
585 2142 616 2204 et
638 2144 867 2207 sacramentum
889 2142 987 2208 totius
1009 2141 1248 2227 dispensationis
1270 2142 1319 2206 in-

125 2251 355 2334 „talligeremns
378 2249 509 2334 adjeaitr
541 2252 580 2314 et
601 2269 700 2317 nuno
721 2251 917 2336 glorifica
939 2272 995 2318 me
1016 2255 1057 2319 tu
1079 2253 1199 2318 Pater
1222 2252 1319 2336 apud

125 2363 398 2447 „temetipsum
420 2364 548 2448 gloria
571 2383 684 2449 quam
706 2363 903 2430 habebam
921 2362 1318 2446 antequammundus

125 2477 251 2551 „assat
272 2475 373 2558 apud
396 2476 440 2540 te.
453 2473 479 2560 6)
501 2475 561 2557 Qui
583 2494 707 2542 manere
730 2476 889 2543 Christum
910 2475 943 2540 in
964 2478 1076 2539 natura
1099 2474 1156 2540 Dei
1186 2475 1319 2557 denegat

125 2589 175 2663 „et
196 2585 434 2668 inseparabilem
466 2604 533 2650 asse
556 2591 648 2671 atque
670 2587 898 2652 indifferentem
932 2605 951 2651 a
986 2587 1051 2652 solo
1075 2586 1140 2652 Deo
1163 2602 1319 2650 veronen

125 2697 241 2774 „credit
263 2697 449 2781 respondeat
472 2715 549 2780 quae
571 2697 663 2780 hujus
685 2697 845 2782 petitionis
869 2697 910 2763 sit
932 2696 1022 2775 ratio,
1046 2696 1092 2761 Et
1112 2713 1214 2761 nuno
1236 2695 1318 2779 glo·

124 2807 264 2886 „rilioa
286 2827 341 2873 me
362 2811 406 2874 tu
428 2811 542 2892 pater
564 2809 665 2894 apud
687 2809 959 2894 temetipsum.
996 2806 1077 2890 Quid
1101 2804 1183 2870 enim
1207 2821 1317 2870 causae

124 2921 200 2997 „eet
230 2922 267 2984 ut
288 2938 359 2984 eum
391 2923 481 3004 pater
510 2919 658 2985 clarificet
690 2921 773 3005 apud
807 2919 1019 3003 semetipsum,
1053 2917 1108 2982 aut
1132 2933 1211 2999 quae
1232 2914 1318 2981 verbi

124 3029 235 3114 „hujus
274 3029 458 3115 significatio
482 3033 538 3109 est,
575 3031 664 3115 quive
697 3029 931 3114 significationis
954 3028 1084 3096 effeetus
1108 3027 1181 3092 esta
1224 3026 1318 3092 Pater

124 3160 276 3226 „namque
307 3159 370 3206 non
404 3145 474 3226 eget
505 3143 622 3226 gloriae
654 3161 711 3209 nee
733 3162 766 3208 se
789 3142 976 3207 exinanierat
1008 3141 1046 3206 de
1080 3139 1181 3206 forma
1202 3138 1318 3223 gloriae

124 3270 228 3330 „suae
251 3254 411 3335 Quomodo
430 3272 503 3338 ergo
526 3253 828 3339 apud'semetipsum
841 3251 1071 3338 glorificaturus
1096 3254 1144 3316 ast
1165 3249 1266 3314 filium
1287 3251 1319 3314 ot

127 3381 182 3441 „ea
204 3363 313 3449 gloria,
349 3382 442 3448 quam
475 3363 584 3430 habuit
616 3365 698 3448 apud
720 3384 792 3430 eum
814 3367 886 3430 ante
907 3362 1015 3428 mundi
1037 3360 1318 3427 consttutionem?

125 3473 204 3552 „Sed
226 3476 309 3559 apud
332 3495 404 3540 eum
438 3475 551 3541 habere
574 3477 626 3560 qui
649 3495 758 3541 sensus
781 3479 854 3542 est?
897 3473 970 3540 Non
993 3472 1074 3538 enim
1096 3471 1151 3551 ait,
1184 3470 1318 3558 gloriam

124 3601 238 3667 „qnam
270 3583 423 3650 habebam
455 3587 620 3669 antequam
654 3585 811 3650 saeculum
845 3588 928 3650 asset
950 3603 1022 3651 eum
1051 3601 1152 3648 essem
1173 3582 1255 3666 apud
1276 3584 1316 3662 te,

124 3697 197 3774 „sed
219 3696 352 3779 gloriam
374 3715 467 3780 quam
489 3696 641 3762 habebam
662 3698 743 3781 apud
765 3699 806 3762 te.
850 3697 929 3762 Esse
951 3695 1033 3761 enim
1054 3694 1139 3778 apud
1161 3695 1193 3759 te
1215 3693 1318 3759 oonsi-

125 3809 278 3885 „stentam
296 3808 460 3892 signifieat,
476 3807 624 3874 habere
646 3815 752 3874 autem
773 3807 878 3890 apud
899 3810 930 3873 te
944 3809 1073 3872 naturae
1089 3806 1318 3870 sacramentum

124 3919 242 3996 „docet
286 3918 434 3986 Glorifiea
455 3939 528 3986 vero
550 3921 632 4003 apud
654 3923 685 3986 ta
706 3938 768 3985 non
801 3919 884 3984 idom
907 3921 955 3985 ast
978 3917 1060 4002 qnod
1092 3914 1236 4001 glorifica
1257 3934 1318 3982 me.

124 4029 215 4108 „Non
237 4031 320 4096 enim
342 4031 545 4115 semetipsum
567 4031 738 4116 glorifioari
760 4034 899 4109 tantum,
930 4031 974 4095 ita
997 4033 1032 4094 ut
1055 4027 1115 4094 sibi
1136 4027 1253 4112 aliquid
1275 4025 1317 4092 sit

124 4142 304 4229 „proprium
325 4143 441 4227 gloriae
474 4146 564 4228 rogat
585 4143 639 4208 sed
662 4144 742 4227 apud
766 4143 969 4226 semetipsum
1000 4142 1126 4206 Patrem
1148 4136 1318 4224 glorificari

19 4389 20 4474 p
225 4373 246 4447 ¹)
265 4378 306 4432 ed.
327 4392 386 4429 earo
404 4380 532 4443 assumpta
548 4379 599 4428 ten.
615 4403 647 4415 -
669 4370 691 4443 ²)
709 4375 751 4429 ed.
767 4375 974 4441 dispensationis.
989 4399 1022 4411 -
1039 4369 1061 4442 ³)
1080 4371 1152 4427 Joarr.
1173 4369 1216 4424 17.
1236 4369 1261 4424 3.
1285 4399 1315 4410 -

19 4475 20 4520 i
123 4471 146 4544 ⁴)
165 4474 239 4530 ioan.
261 4474 304 4530 17.
325 4474 351 4530 4,
373 4505 406 4515 -
428 4473 448 4545 ³)
467 4475 653 4530 admonitum.
674 4502 707 4514 -·
728 4473 800 4528 Joarr.
821 4471 855 4528 17
883 4471 910 4529 b.
1005 4521 1010 4528 .
