3158 5212
1324 378 1367 446 39

165 546 228 618 sibi
249 547 373 633 argenti
393 548 510 613 talenta
531 550 679 617 trecenta.
704 548 763 616 Sed
786 567 858 615 cum
880 549 1027 633 pecuniae
1049 550 1222 635 promissas
1245 550 1365 617 solvere

166 661 356 747 neglexisset
377 662 409 725 et
429 658 498 744 ipso
519 660 691 727 sacerdotio
707 658 890 726 deturbatur
904 660 1088 727 succedente
1103 660 1164 727 sibi
1177 659 1365 746 Lysimacho

167 771 273 838 tratre.
317 770 456 837 Rursum
478 772 637 838 Menelaus
660 772 868 838 sacerdotium
900 771 1074 838 reambiens
1097 790 1191 839 aurea
1214 772 1365 858 quaedam

168 900 252 963 rasa,
276 899 354 966 quae
375 881 496 948 iuratus
519 883 621 948 iuerat
642 883 674 948 in
696 884 824 967 templo,
848 881 933 948 dedit
955 882 1141 950 Andronico.
1167 884 1228 950 Pro
1251 901 1312 968 qua
1333 903 1367 950 re

168 993 243 1058 dum
275 997 458 1078 argueretur
490 993 529 1059 ab
563 992 643 1059 Onia
676 994 761 1060 dedit
795 994 959 1060 consilium
991 993 1180 1077 Andronico,
1215 997 1366 1079 quatenus

165 1102 279 1170 Oniam
299 1104 496 1185 interficeret,
520 1105 626 1189 sicque
647 1104 766 1171 lactum
790 1108 848 1185 est,
871 1108 904 1172 ot
924 1105 1085 1172 Menelaus
1108 1125 1164 1190 por
1185 1104 1364 1171 iraudulen-

164 1215 242 1281 tiam
265 1214 359 1281 simul
380 1218 412 1282 et
434 1215 613 1282 violentiam
643 1216 675 1280 in
709 1219 866 1301 potestate
887 1216 1068 1302 permansit.
1113 1217 1153 1282 ac
1174 1215 1249 1283 haec
1270 1217 1363 1282 tertIa

164 1329 284 1413 templo
305 1327 353 1393 illi
373 1325 552 1393 manufacto
585 1326 745 1393 tribulatio
768 1326 838 1393 fuit.
873 1327 930 1395 Oui
953 1329 998 1394 rei
1019 1327 1097 1394 mihi
1119 1327 1220 1394 similo
1241 1329 1363 1394 videtur

164 1439 243 1505 illud
265 1441 383 1505 malum
405 1439 488 1524 quod
510 1439 586 1505 item
608 1438 701 1504 tertIo
723 1439 791 1504 loco
826 1437 913 1524 (post
934 1458 971 1506 ea
994 1457 1072 1524 quae
1093 1439 1253 1525 praedicta
1274 1440 1361 1522 suut)

163 1550 196 1616 in
219 1551 346 1617 ecclesia
368 1554 400 1617 ot
422 1553 529 1616 contra
561 1550 722 1616 ecclesiam
757 1549 815 1616 Dei
849 1550 973 1616 actitari
1007 1551 1205 1617 machinante
1236 1547 1359 1614 diabolo

164 1655 279 1741 coepit.

642 1943 753 2011 Gap.
772 1942 889 1998 XVI.

163 2068 211 2136 lio
232 2066 322 2135 statu
343 2066 498 2136 ecclcsiae
519 2065 716 2154 tenporibus
737 2064 884 2133 Heinrici
905 2063 960 2133 1v.
987 2063 1140 2152 quomodo
1163 2061 1360 2151 temporibus

509 2179 543 2246 ot
564 2177 647 2245 actis
669 2176 822 2245 Antiochi
845 2175 1015 2263 congruat.

266 2363 436 2449 Postquam
456 2365 539 2432 euim
560 2385 618 2451 per
640 2367 764 2432 sanctos
787 2367 819 2430 et
840 2365 978 2431 illustres
1001 2365 1083 2432 atros
1106 2364 1236 2431 demotis
1251 2364 1359 2430 haero-

164 2479 252 2548 sibus
275 2476 403 2546 ecclesia
431 2477 595 2544 victoriam
618 2482 649 2544 et
670 2495 780 2563 pacem
814 2476 959 2558 obtinuit,
993 2496 1065 2544 cum
1086 2476 1214 2543 interim
1237 2492 1359 2558 quoque

163 2589 282 2658 divitiis
305 2590 337 2653 et
357 2585 521 2654 honoribus
554 2587 710 2673 regalibus
748 2589 857 2653 eadem
879 2587 1008 2654 ecelesia
1030 2607 1086 2674 per
1107 2605 1196 2671 reges
1218 2589 1251 2651 ct
1271 2585 1359 2670 prin-

164 2703 251 2789 cipes
273 2703 366 2766 aucta
387 2698 475 2765 simul
498 2703 529 2766 et
551 2700 710 2765 cumulata
733 2703 790 2780 est,
813 2697 1050 2764 ambitiosorum
1074 2695 1247 2783 pervicaoIa
1269 2694 1358 2779 quasi

163 2813 313 2879 intestino
335 2808 416 2875 bello
438 2827 501 2877 cam
524 2815 645 2878 vastare
669 2811 781 2896 coepit.
817 2810 975 2895 Siquidem
998 2813 1030 2876 et
1052 2828 1140 2894 reges
1163 2825 1182 2873 a
1205 2805 1357 2892 tempori·

164 2923 225 2991 bus
248 2922 351 2992 Caroli
372 2919 477 3006 Magri
496 2943 532 2990 ex
554 2924 752 2989 concessione
774 2922 967 3007 quorundam
989 2922 1201 2987 Romanorum
1224 2915 1358 2983 Pontifi-

165 3055 239 3104 cum
260 3035 405 3101 videlicet
418 3033 522 3100 Leonis
545 3036 603 3101 III.
627 3037 659 3100 et
679 3034 810 3099 Adriani
834 3031 877 3099 II.
901 3033 1184 3102 ecclesiasticarum
1206 3029 1267 3096 sibi
1288 3029 1357 3115 dig-

165 3146 303 3212 nitatum
323 3143 517 3227 investituras
540 3143 765 3228 vindicabant)
787 3148 819 3211 ot
839 3163 990 3232 persaepe
1011 3144 1044 3209 in
1066 3143 1195 3209 ecclesia
1217 3141 1275 3207 Dei
1293 3159 1356 3206 non

167 3276 246 3342 qnos
272 3255 397 3323 volebat
419 3254 473 3322 sed
497 3275 566 3339 quos
590 3259 734 3326 volebant
747 3263 771 3342 a)
792 3259 824 3324 in
847 3256 1071 3344 episcopalium
1093 3254 1213 3320 sedium
1234 3252 1356 3337 apicem

166 3367 345 3437 exaltabant
377 3369 409 3434 et
430 3385 507 3453 qnos
530 3373 667 3440 nolebant
698 3372 913 3438 humiliabant.
957 3370 1098 3453 Quorum
1118 3373 1223 3433 tamen
1245 3385 1355 3451 rogum

165 3482 308 3551 nonnulli
338 3480 419 3547 circa
451 3480 544 3564 hujus
569 3486 664 3551 cladis
696 3484 850 3572 principia
876 3481 1048 3548 modestius
1081 3499 1115 3545 se
1136 3478 1170 3544 in
1188 3476 1237 3542 his
1260 3479 1356 3561 atque

167 3591 394 3679 temperantius
417 3590 552 3675 agebant
569 3596 711 3662 nimirum
733 3594 934 3661 electionibus
951 3589 1169 3659 ecclesiasticis
1191 3589 1224 3654 in
1246 3605 1355 3653 conce·

167 3703 278 3770 deudis
300 3701 471 3768 honoribus
499 3701 663 3786 deferendo,
697 3708 843 3792 ipsasque
875 3705 1043 3790 dignitates
1077 3720 1139 3766 non
1160 3703 1200 3766 ad
1220 3698 1355 3785 gratiam

168 3831 224 3878 son
244 3809 394 3896 pecuniae
415 3810 561 3895 pretium,
586 3817 647 3896 quin
669 3817 776 3901 potius
798 3814 837 3880 ad
857 3834 980 3881 morum
1003 3818 1035 3880 et
1057 3814 1206 3880 scientiae
1227 3828 1355 3897 praero-

273 4019 292 4088 ¹)
310 4019 361 4071 Hic
380 4023 451 4070 notat
469 4017 611 4070 Gretserus·
632 4021 774 4082 ,Gothohus
794 4023 936 4076 Adrianurn
956 4019 992 4075 Il.
1013 4017 1215 4073 ctLeonemIII.
1236 4022 1354 4075 nominat.

317 4117 371 4172 Alii
391 4116 535 4170 Adrianum
559 4115 582 4171 I.
608 4119 752 4174 ettennon
777 4119 852 4175 VIII.
878 4119 1075 4186 pseudopapam.
1115 4118 1157 4171 Ex
1180 4134 1230 4186 quo
1249 4127 1355 4186 apparet

312 4217 445 4269 commenti
457 4215 582 4268 lwifflsf‘
602 4213 673 4276 010¹„
687 4217 735 4288 Op.
749 4224 807 4273 tom.
828 4215 1061 4285 Vipstanus
1079 4217 1113 4270 de
1131 4217 1180 4269 hac
1198 4232 1228 4270 re
1245 4218 1354 4270 eundern

311 4316 415 4368 Gretsor
433 4318 492 4368 tom.
502 4313 550 4368 VI.
570 4328 595 4379 p.
615 4311 747 4380 106,180,
767 4317 820 4372 366
839 4323 865 4369 ot
885 4318 995 4370 Raumor
1013 4315 1166 4370 Gesohichto
1185 4315 1232 4368 der
1250 4315 1355 4369 lichen·

314 4411 424 4466 staufen.
448 4413 554 4478 Leipzig
579 4411 659 4467 1823.
680 4411 715 4472 tl.
736 4417 758 4471 Ι.
779 4417 805 4471 S.
825 4415 886 4471 260.
915 4416 1040 4467 Batonius
1060 4419 1118 4467 torn.
1139 4413 1163 4468 9.
1185 4416 1227 4469 ad.
1247 4430 1271 4469 a.
1292 4413 1353 4474 774.

271 4509 292 4583 ¹)
311 4511 361 4568 Sic.
382 4509 474 4568 codex.
