3172 5202
244 419 307 488 100

242 591 407 658 vendentes
431 591 463 654 et
485 591 623 655 ementes
646 587 745 672 ejecit.
768 588 839 656 Nisi
861 588 945 655 euim
966 588 1006 654 ad
1027 587 1239 672 evangelicam
1261 607 1335 656 cum
1351 587 1446 674 legali
1570 617 1571 678 g

240 702 437 768 institutione
459 701 535 766 ordo
557 700 784 768 ecclesiasticus
807 721 841 767 se
856 700 989 786 gesserit
1003 719 1060 766 neo
1074 698 1179 767 divina
1192 701 1443 783 praesentatione
1570 703 1571 780 ζ

240 834 297 882 nec
329 813 488 879 doctrinae
524 812 710 877 auctoritate
746 814 802 876 aut
838 811 1061 877 miraculorum
1097 810 1307 894 spiritualium
1342 810 1447 896 gratia
1570 811 1571 874 l

240 926 431 994 sufficienter
462 926 592 991 idoneus
625 924 736 990 existet
767 924 821 990 sed
842 943 899 990 neo
922 923 989 991 foro
1012 923 1189 990 venalitatis
1211 922 1349 1009 perfecte
1370 941 1447 1007 pur·

238 1035 374 1122 gabaur,
395 1037 429 1101 in
449 1035 498 1101 his
520 1037 670 1103 duntaxat
692 1037 841 1121 personis,
865 1037 919 1121 qui
943 1038 1082 1103 nondum
1102 1055 1160 1122 pro
1181 1054 1288 1103 amore
1308 1035 1448 1122 discipu·

237 1150 321 1215 latus
344 1147 461 1216 christi
481 1148 731 1232 possessionibus
754 1148 883 1215 temonis
899 1152 931 1215 et
945 1149 1054 1215 mundi
1069 1146 1291 1232 cupiditatibus
1306 1146 1447 1212 renunti·
1570 1183 1571 1194 κ

238 1263 341 1328 arunt.
363 1259 409 1325 At
430 1260 556 1325 econtra
578 1261 730 1344 templum
752 1261 830 1326 illud
852 1264 977 1327 centum
1000 1261 1111 1347 viginti
1133 1259 1311 1326 cubitorum
1326 1257 1359 1323 in
1376 1275 1445 1322 om·

237 1370 331 1437 nibus
364 1370 413 1439 his
446 1371 568 1436 illustre
612 1371 790 1456 comparuit
835 1370 1036 1456 majorque
1070 1371 1176 1439 facta
1209 1372 1273 1436 est
1304 1367 1445 1454 gloria
1570 1451 1571 1458 ἶ

239 1482 377 1547 domus
400 1480 516 1566 hujus
538 1482 778 1548 novissimae
799 1484 892 1568 plus
916 1501 1025 1568 quam
1047 1483 1245 1570 primae‚1)
1267 1485 1304 1548 ut
1319 1481 1445 1548 noveri-
1570 1463 1571 1520 3

237 1611 308 1659 mus
329 1592 363 1658 iu
384 1591 515 1660 ecclesia
546 1593 735 1678 apostolicae
768 1594 974 1660 institutionis
1007 1595 1211 1663 fundamenta
1243 1613 1282 1660 ac
1304 1593 1440 1660 lormam

239 1706 363 1770 tenente
384 1708 508 1790 gratam
531 1707 562 1772 et
584 1725 620 1770 ex
641 1703 768 1789 propria
798 1705 995 1772 institutione
1016 1705 1082 1771 Deo
1105 1707 1266 1790 acceptam
1288 1725 1357 1772 esse
1376 1723 1447 1775 cor·

237 1813 324 1899 poris
359 1816 408 1880 sui
441 1817 713 1896 consecrationem,
748 1817 907 1881 doctrinae
939 1815 1145 1882 eruditionem
1175 1833 1211 1882 ac
1243 1819 1445 1900 peccatorum

237 1924 465 1992 remissionem.
487 1925 561 1993 Non
586 1925 669 1992 enim
691 1925 882 2010 quibuslibet
902 1927 1062 2011 popularis
1078 1927 1320 1994 conversationis
1342 1927 1446 1993 homi·

235 2035 328 2102 nibus
351 2037 406 2102 sed
427 2035 476 2103 his
500 2038 619 2118 solum,
643 2037 698 2121 qui
720 2036 760 2103 ab
782 2037 849 2121 ipso
874 2037 1044 2103 didicerant
1067 2038 1170 2114 omnia
1191 2042 1319 2123 propter
1339 2037 1446 2104 Evan-
1570 2071 1571 2102 l

236 2147 354 2232 galium
375 2147 547 2231 reinquere
569 2147 698 2233 ejusque
720 2147 919 2232 discipulatui
933 2148 1108 2231 adhaerere,
1130 2151 1198 2234 ipse
1218 2149 1442 2234 potestatemq

238 2257 376 2342 corporis
398 2275 435 2324 ac
457 2259 616 2343 sauguinis
651 2257 832 2326 conficiendi
853 2262 1043 2343 potestatem
1065 2259 1193 2326 tradidit
1215 2259 1334 2327 docus:
1357 2261 1443 2327 Hoc

237 2367 368 2434 facite
389 2369 426 2433 iu
449 2385 571 2434 meam
604 2367 1067 2455 commemorationem.³)
1111 2370 1231 2455 Quibus
1253 2371 1331 2438 item
1354 2375 1387 2438 et
1407 2374 1441 2438 in

237 2478 282 2546 eis
303 2496 410 2545 eorum
424 2477 449 2565 ⁴)
471 2480 666 2566 pedissequis
689 2481 757 2567 ipse
777 2481 870 2546 dixit:
893 2482 1179 2566 Quaecumque
1200 2483 1441 2568 ligaveritis

237 2609 355 2676 super
389 2599 538 2658 terram
560 2591 693 2677 ligata
716 2595 831 2657 erunt
863 2594 900 2657 et
918 2592 955 2658 iu
978 2593 1090 2658 coelo
1113 2596 1152 2659 et
1174 2611 1441 2680 quaecumque

237 2703 451 2769 solveritis
485 2723 600 2788 super
633 2707 783 2770 terram
816 2705 953 2769 soluta
984 2709 1106 2771 erunt
1135 2705 1237 2771 etin
1272 2706 1441 2794 coelial)

236 2813 319 2880 Item
339 2813 417 2898 ipsis
441 2834 610 2900 eorumque
633 2813 816 2899 sequacibus
840 2817 871 2880 et
892 2832 955 2879 non
977 2815 1046 2880 aliis
1068 2815 1136 2900 ipse
1158 2815 1252 2882 dixit:
1286 2817 1441 2885 Euntes

237 2925 416 3011 docetel)
439 2930 497 2994 eto.
532 2926 622 2993 Unde
644 2926 701 2992 hos
725 2925 808 2992 solos
830 2924 988 3009 legitimos
1011 2925 1097 2992 verbi
1118 2926 1278 2993 ministros
1301 2927 1441 3013 dixerim,

238 3035 379 3120 quicum
394 3037 545 3122 apostolis
562 3035 664 3102 dicere
680 3036 803 3104 Christo
819 3039 969 3120 possunt:
991 3036 1093 3103 llcce
1115 3055 1185 3103 uos
1207 3037 1440 3121 reliquimus

238 3147 372 3214 omnia
394 3150 434 3214 et
455 3146 587 3212 secuti
609 3165 741 3212 sumus
765 3149 839 3230 te⁷l
874 3145 955 3211 siout
987 3165 1151 3215 mensurae
1178 3147 1294 3236 illae⁸)
1327 3151 1440 3236 templi

238 3259 323 3325 solae
346 3259 600 3344 complacuerunt
620 3257 774 3338 Domino,
801 3259 839 3324 de
862 3255 973 3340 quibus
997 3257 1042 3322 ait
1063 3258 1181 3326 David:
1216 3259 1368 3341 Omnia,
1390 3259 1441 3327 in·

238 3370 317 3457 quit,
349 3370 496 3455 scripta
525 3371 721 3436 venerunt
750 3370 797 3435 ad
825 3366 926 3453 mel)
969 3369 1017 3435 At
1038 3387 1110 3436 vero
1134 3372 1287 3462 quomodo
1310 3374 1343 3438 et
1362 3371 1442 3438 illud

235 3481 360 3549 brevius
383 3483 537 3568 templum
558 3501 657 3568 usque
678 3481 718 3552 ad
732 3483 856 3565 tempus
871 3481 1071 3550 correctionis
1086 3499 1105 3548 a
1120 3482 1254 3550 Domino
1271 3483 1441 3550 toleratum

237 3626 488 3637 *ιμ’-...-

340 3697 358 3764 ¹)
378 3697 446 3765 Agg.
468 3699 493 3753 2.
515 3699 558 3754 10.

337 3793 357 3864 a)
376 3798 422 3853 sie.
442 3797 533 3849 codex.

336 3890 358 3962 ³)
377 3894 439 3948 Luc.
459 3893 504 3949 22.
524 3893 568 3948 19.

335 3988 358 4058 ⁴)
377 3991 433 4046 aod.
453 4005 549 4046 earum.

337 4086 357 4156 ὅ)
375 4089 459 4144 Malli.
480 4087 524 4144 16.
546 4089 588 4144 19.

336 4184 357 4255 ⁶)
375 4187 459 4239 Malli.
482 4187 527 4242 28.
549 4187 592 4243 19.

339 4281 358 4354 ²)
374 4286 458 4340 Malli.
476 4285 520 4341 19.
540 4285 585 4341 27.

336 4381 357 4450 ⁸)
377 4384 433 4438 cod.
452 4385 503 4438 illi.

277 4485 279 4490 '
336 4477 357 4550 ⁰)
376 4481 398 4537 1.
418 4482 507 4541 Paral.
526 4482 569 4540 28.
590 4483 633 4538 19.
