3168 5214
201 359 265 427 328

202 528 361 617 reptibilia
389 528 606 616 petulantiam,
626 528 753 614 qualem
774 526 856 592 inter
878 524 1072 591 divinissima
1090 523 1250 592 interdum
1271 521 1414 608 spiritus

198 659 272 708 cum
293 641 360 708 Deo
394 639 549 724 colloquia
579 641 660 706 solet
677 639 824 724 perferre,
848 656 910 703 non
931 638 1101 722 incongrue
1123 636 1296 720 intelligere
1317 636 1414 700 sale-

200 769 302 820 amus.
323 752 361 817 Id
382 769 455 817 vero
478 750 611 817 maxIme
641 752 717 817 tunc
739 749 861 815 evenire
883 749 964 815 solet
984 748 1018 812 iu
1040 746 1156 813 sanctis
1190 765 1262 811 cnm
1284 744 1414 811 theoria

198 840 299 946 usgue
331 862 541 928 adsenseum
574 861 799 946 paradisiacam
832 860 987 944 quandam
1021 858 1213 924 suauitatem
1246 856 1414 922 descendit

197 971 346 1037 nimirum
367 971 418 1038 uel
438 970 577 1038 mirificis
601 972 748 1049 odoribus
770 971 819 1036 vel
833 973 955 1036 attactu
978 971 1115 1053 quodam
1136 969 1239 1033 diuino
1261 968 1406 1033 enimam

197 1081 457 1166 demulcentibus,
481 1084 556 1148 dum
578 1100 689 1150 manns
712 1080 807 1150 Verbi
830 1085 970 1148 ventrem
991 1081 1113 1147 animae
1129 1080 1285 1146 interdum
1300 1099 1405 1164 nsque

197 1194 237 1259 ad
251 1194 406 1279 quendam
422 1194 562 1260 divinum
576 1197 745 1260 tremorem
762 1193 925 1278 contingit,
941 1194 979 1258 de
995 1210 1055 1277 quo
1071 1210 1203 1276 sponsa:
1214 1197 1245 1258 et
1256 1211 1274 1257 v
1284 1195 1405 1258 enter

196 1303 307 1388 iuquit,
342 1323 448 1371 meus
481 1305 690 1371 intremuit
721 1304 765 1369 ad
786 1306 944 1370 tactum
977 1304 1110 1390 eJ'us.¹)
1154 1304 1201 1370 De
1223 1302 1279 1369 tali
1301 1320 1402 1369 naevo

197 1415 318 1481 animae
351 1415 508 1483 theoricae
529 1415 608 1482 illud
628 1417 661 1482 iu
681 1415 745 1484 Job
779 1418 862 1482 recte
895 1417 978 1482 ualet
1010 1417 1144 1502 intelligi
1167 1416 1258 1501 qnasi
1279 1415 1403 1480 derisus

198 1525 293 1594 Sarae
314 1527 525 1612 increpatione
540 1528 644 1595 diuina
658 1531 691 1594 et
705 1526 918 1594 erubescentia
940 1527 1044 1612 digno,
1057 1528 1143 1608 illud,
1155 1527 1294 1610 inquam,
1317 1525 1405 1610 quod

196 1635 238 1704 ab
259 1656 296 1704 eo
320 1639 409 1723 quasi
440 1638 474 1706 in
506 1639 650 1726 propriae
681 1638 873 1705 infirmitatis
908 1640 1151 1723 recognitionem
1184 1637 1316 1704 diciturr
1359 1637 1403 1706 Si

197 1750 398 1818 fulserint
429 1752 542 1819 velut
564 1753 850 1818 mundissimae
871 1769 1009 1818 manns
1032 1767 1149 1832 meae,
1173 1753 1298 1816 tamen
1320 1767 1405 1814 sor-

198 1862 311 1930 dibus
343 1864 526 1951 iutiuges
550 1884 609 1930 me
631 1867 670 1930 et
691 1862 1036 1930 abominabuntur
1069 1881 1126 1928 me
1158 1860 1405 1928 vestimenta

197 1978 315 2058 moal)
336 1975 391 2043 Sic
412 1977 443 2040 et
464 1974 586 2058 loseph
609 1976 646 2040 de
668 1976 798 2042 somniis
820 1975 886 2041 suis
902 1974 1084 2058 juveniliter
1099 1975 1217 2040 elatum
1233 1973 1405 2054 eademque

200 2105 308 2154 coram
340 2084 475 2152 fatribus
506 2101 543 2149 ac
576 2089 665 2169 patre
687 2086 854 2152 indiscreta
875 2087 1002 2153 leuitate
1024 2084 1208 2152 referentem
1230 2081 1405 2167 increpavit

197 2200 286 2283 pater
310 2215 396 2277 suus,
418 2214 485 2262 rem
508 2199 613 2262 tamen
635 2197 702 2282 ipse
729 2195 881 2264 fratribus
904 2194 1114 2263 invidentibus
1145 2195 1240 2263 tacite
1261 2193 1403 2259 couside-

197 2325 280 2391 raue,
302 2307 428 2393 iusuper
449 2310 482 2372 et
502 2307 626 2392 gladius
648 2308 670 2373 i.
693 2327 719 2373 e.
743 2309 821 2372 dura
842 2307 1003 2374 tribulatio
1032 2307 1234 2391 pertransivit
1264 2307 1401 2372 animam

197 2418 264 2504 ejus
287 2419 385 2485 donec
406 2417 525 2484 ueniret
547 2417 678 2485 uerbum
702 2418 779 2504 ejus.

295 2528 338 2595 Et
358 2528 434 2613 qnid
455 2528 617 2612 miramur,
640 2533 766 2596 sanctos
789 2530 872 2596 viros
894 2547 1025 2616 magnos
1047 2531 1129 2616 apud
1150 2533 1253 2598 Deum
1274 2530 1403 2615 praede-

197 2638 331 2706 stinatos
364 2640 429 2706 siue
463 2640 558 2706 etiam
592 2640 727 2708 feminas
760 2642 855 2708 Sarae
884 2644 979 2709 matri
1012 2643 1130 2710 similes
1162 2647 1235 2729 post
1267 2643 1402 2709 visiones

197 2750 317 2817 diuinas
340 2754 372 2817 et
394 2752 516 2818 somnia
534 2752 715 2836 Juveniliter
746 2754 845 2819 elatos
866 2753 1078 2840 increpatione
1100 2755 1165 2822 siue
1187 2752 1403 2821 humiliatione

197 2861 308 2947 dignos
330 2863 479 2944 extitisse,
503 2882 575 2932 cum
598 2866 667 2948 ipsa
681 2883 803 2950 quoque
818 2869 920 2931 mater
938 2865 1006 2947 Dei,
1019 2864 1109 2949 cuius
1132 2866 1242 2951 ntique
1264 2865 1403 2932 theoriae

196 2973 312 3038 nonin
335 2974 401 3038 solo
424 2974 593 3059 spiritum
616 2993 676 3060 quo
699 2976 895 3060 prophetissa
917 2981 1098 3044 consecrata
1120 2979 1249 3062 estnec
1271 2978 1303 3042 in
1325 2978 1402 3045 solis

196 3083 361 3151 affectibus
383 3086 438 3152 sed
460 3087 493 3153 iu
515 3087 617 3153 carnis
648 3089 782 3154 maxime
804 3087 965 3174 virgmalis
988 3087 1130 3154 sensibus
1152 3093 1295 3172 peractae
1317 3094 1402 3172 suut,

197 3194 318 3279 deque
339 3197 472 3263 materia
508 3199 549 3264 ad
570 3199 795 3266 incamaudum
817 3199 957 3267 Verbum
984 3200 1190 3267 ministranda
1212 3204 1295 3282 erat,
1318 3202 1403 3286 quid,

196 3305 334 3391 inquam,
357 3311 477 3376 ceteros
499 3310 669 3391 miramur,
700 3311 863 3397 cumipse
885 3311 1061 3377 sanctitatis
1083 3311 1199 3396 pariter
1221 3318 1254 3377 et
1274 3309 1403 3378 humili·

196 3417 272 3484 tatis
308 3421 471 3505 speculum
503 3424 604 3488 meter
625 3421 703 3490 Jesn
736 3425 810 3507 post
842 3425 967 3505 partum
989 3423 1172 3507 virgmalem
1206 3422 1246 3488 ob
1267 3423 1403 3507 gratiam

195 3527 382 3597 humilitatis
404 3531 445 3597 ab
466 3531 611 3616 ingressu
631 3534 742 3617 templi
763 3552 850 3598 more
865 3533 997 3598 aliarum
1014 3531 1199 3599 feminarum
1225 3533 1285 3599 sibi
1306 3535 1404 3630 aesti-

196 3641 329 3707 maverit
351 3641 572 3710 abstinendum
593 3663 650 3711 nec
672 3645 790 3729 absque
812 3643 923 3709 hostiis
938 3643 1185 3729 gemituasamm
1199 3645 1306 3710 auium
1324 3645 1402 3710 illud

197 3747 338 3832 ingressa
360 3751 427 3817 sit?
459 3789 500 3802 -
534 3754 681 3821 Infelix
703 3773 772 3840 ego
795 3753 925 3835 homo,
960 3755 1006 3819 ait
1026 3756 1199 3840 apostolus,
1232 3755 1321 3838 quis
1343 3774 1403 3821 me

195 3858 389 3930 liberabit
412 3864 453 3929 de
476 3883 646 3950 corpore
668 3866 813 3931 mortis
835 3863 1004 3948 hujusli)
1024 3867 1174 3932 nimirum
1188 3866 1283 3932 aliam
1299 3867 1401 3950 legem

196 3969 228 4033 iu
250 3968 398 4036 membris
428 3973 493 4039 suis
516 3980 741 4062 repugnantem
762 3977 825 4061 legi
847 3977 961 4042 mentis
984 3995 1076 4058 snae,
1105 3978 1323 4062 sustinensque
1345 3995 1404 4042 au·

196 4081 302 4164 gelum
336 4085 463 4150 satanae
485 4103 519 4151 se
541 4086 797 4173 colaphizantem,
821 4095 852 4157 et
875 4106 933 4173 ego
955 4089 1095 4156 tumidus
1127 4093 1222 4174 atque
1252 4105 1401 4174 arrogans

196 4190 314 4272 incedo,
338 4195 391 4278 qui
413 4195 551 4264 nondum
573 4199 611 4264 de
631 4200 711 4266 meis
739 4199 936 4283 passionibus
959 4201 1022 4266 tale
1041 4200 1190 4267 diuinitus
1216 4201 1306 4284 quale
1327 4200 1401 4285 ipse

203 4361 451 4374 -u—-n--n—

301 4431 321 4483 ¹i
339 4432 410 4490 Ceut.
429 4437 455 4492 5.
474 4433 500 4491 4.
529 4467 551 4474 --
576 4436 597 4508 ²)
606 4439 662 4493 Jcb.
682 4439 708 4494 9.
727 4439 772 4495 el.
794 4467 827 4482 ·—
848 4437 870 4507 ⁸)
890 4439 960 4493 [tom
980 4439 1006 4496 7.
1025 4441 1070 4495 24.
