3168 5190
258 393 321 460 286

261 564 391 642 ,natum
409 559 566 624 hominem
589 555 744 642 glorificat
764 553 797 618 in
819 556 926 639 sese.)
948 549 1095 619 Reddidit
1115 549 1197 616 enim
1218 547 1251 613 in
1272 572 1306 620 se
1328 552 1464 622 christo

261 673 420 759 ,gloriam
458 688 552 754 quam
588 668 670 752 apud
708 685 740 730 se
776 663 905 747 habuit,
941 671 972 732 et
1008 685 1079 733 cum
1116 667 1148 732 in
1185 667 1319 732 formam
1334 667 1360 748 ²)
1397 663 1464 730 Dei

262 781 453 866 „assumptio
476 781 594 846 formae
616 776 736 844 seruilio
758 777 929 843 assumitur
943 778 975 843 in
990 797 1024 843 se
1038 777 1241 862 glorificatur,
1263 777 1463 863 glorificatus

261 895 311 974 ,in
332 893 457 958 homine
479 892 573 971 Deus,
609 890 661 974 qui
682 894 754 956 ante
769 891 793 973 ³)
826 891 1090 975 dispensationem
1111 893 1144 957 in
1166 911 1235 958 sese
1257 896 1326 958 erat
1349 896 1381 958 et
1402 912 1465 976 per

262 1005 414 1085 ,formam
447 1005 496 1069 sui
517 1006 549 1069 et
570 1024 625 1089 per
646 1005 792 1069 naturam
829 1004 1001 1070 nativitatis
1034 1003 1151 1071 unitos.
1193 1002 1351 1069 Natiuitae
1373 1001 1464 1067 enim

263 1133 343 1195 ,non
375 1132 473 1180 nouae
503 1132 602 1197 neque
634 1115 752 1180 alienae
784 1117 913 1180 naturae
935 1116 1038 1181 Deum
1070 1115 1186 1181 fecerat
1218 1114 1273 1181 sed
1302 1113 1459 1180 naturalis

263 1227 364 1307 ,filins
386 1226 467 1310 patri
484 1225 619 1291 naturali
641 1225 839 1310 generatione
861 1225 1053 1293 substiterat.
1096 1228 1231 1293 Etcum
1253 1227 1326 1309 post
1346 1222 1466 1290 nativi·

265 1341 381 1418 ,tatem
403 1337 538 1402 hominis
560 1336 753 1420 glorificatur
766 1337 791 1420 4)
824 1336 855 1402 in
887 1337 1013 1404 homine
1035 1335 1068 1401 in
1087 1340 1218 1402 naturae
1239 1353 1314 1401 suae
1333 1353 1464 1401 rursum

265 1448 416 1533 „gloriam
448 1448 480 1512 in
499 1467 532 1512 se
554 1448 704 1528 clarescit,
719 1449 744 1532 δ)
778 1467 850 1515 cnm
872 1449 958 1514 Deus
989 1446 1147 1527 clanfioat,
1182 1465 1255 1512 cnm
1276 1446 1310 1512 in
1329 1448 1465 1512 naturae

265 1562 429 1643 „paternae
449 1557 582 1642 gloriam
602 1559 643 1625 ab
673 1577 709 1625 ea
729 1579 784 1644 per
805 1557 1068 1642 dispensationem
1090 1559 1256 1623 evacuatus
1278 1556 1464 1623 assumitur.

266 1667 448 1748 ,Concludit
483 1671 588 1733 autem
609 1669 852 1736 audacissimum
872 1669 1042 1753 impietatis
1057 1664 1082 1752 ⁶)
1115 1667 1253 1734 furorem
1285 1665 1466 1753 apostolica

266 1780 360 1859 ,fides
381 1799 420 1845 ne
443 1797 503 1863 qua
523 1780 648 1846 licentia
676 1780 793 1847 liberae
813 1780 1038 1865 intelligentiae
1060 1781 1198 1866 evageris
1221 1799 1293 1847 cum
1315 1782 1379 1848 ait:
1411 1783 1465 1849 nt

267 1891 404 1969 ,omnis
437 1890 570 1976 lingna
602 1891 893 1975 confitebitur,
927 1893 1019 1977 qnia
1049 1893 1236 1960 Dominus
1269 1895 1392 1962 lesus
1422 1893 1465 1959 in

267 2002 418 2086 ,gloria
440 2006 500 2070 est
522 2003 595 2070 Dei
618 2004 763 2071 Patris.
780 2002 805 2090 7)
849 2005 1314 2087 QuemeniminsesePater
1347 2003 1465 2070 clariti-
1568 1989 1569 2064 Ϊ

267 2115 367 2192 ,cavit
381 2117 405 2197 ⁸)
437 2117 470 2181 in
503 2114 568 2199 ejus
602 2116 702 2199 gloria
724 2116 916 2184 confitendus
939 2119 997 2195 est,
1027 2095 1059 2182 ct
1092 2115 1198 2200 quiin
1221 2115 1324 2181 Patris
1357 2115 1461 2200 gloria
1568 2111 1569 2116 ’

266 2225 476 2305 ,confitendus
499 2229 556 2306 est,
591 2245 683 2310 quem
714 2228 748 2291 in
770 2247 803 2292 se
825 2229 920 2293 Pater
941 2226 1127 2310 glorificavit
1148 2225 1182 2291 in
1204 2225 1253 2291 his
1277 2225 1343 2292 sine
1366 2223 1462 2291 dnbio

266 2335 501 2420 ,intelligendus
518 2340 565 2402 est
581 2356 659 2417 esse,
683 2338 796 2421 quibus
819 2338 914 2405 Pater
936 2339 993 2417 est,
1017 2355 1090 2403 oum
1111 2340 1143 2403 et
1163 2336 1252 2426 inse
1275 2353 1347 2402 cum
1369 2334 1464 2420 glori·

266 2447 423 2526 ,ficaverit
444 2450 476 2512 et
497 2448 652 2532 ingloria
685 2447 751 2531 ejus
774 2449 817 2515 sit
839 2447 1042 2516 confitendus.
1088 2446 1160 2514 Non
1184 2447 1266 2512 enim
1298 2445 1349 2513 hic
1380 2463 1464 2512 nunc

268 2559 501 2638 ,tantummodo
523 2558 555 2623 in
577 2559 677 2643 gloria
699 2560 761 2625 Dei
782 2563 832 2627 est
854 2560 909 2626 sed
931 2560 964 2624 in
986 2558 1086 2643 gloria
1108 2557 1170 2624 Dei
1185 2556 1294 2622 Patris
1316 2558 1374 2622 est.
1396 2555 1465 2621 Ne·

268 2689 346 2755 ,que
367 2669 552 2754 glorificavit
574 2669 673 2754 gloria
695 2669 843 2736 exteriore
875 2670 930 2735 sed
951 2668 1137 2754 glorifieavit
1157 2669 1257 2753 gloria
1275 2669 1308 2733 in
1330 2685 1409 2745 sese,
1430 2664 1465 2731 in
1569 2661 1570 2716 ἶ

268 2800 355 2861 ,eam
377 2801 457 2862 eum,
491 2799 570 2867 qnae
592 2800 648 2848 sua
671 2786 729 2863 est,
761 2783 895 2867 gloriam
928 2783 1112 2847 resumendo
1146 2785 1178 2847 et
1197 2781 1231 2846 in
1252 2799 1289 2847 ea
1312 2780 1422 2865 gloria,
1437 2781 1464 2860 ⁹)

270 2911 383 2978 ,qnam
416 2894 497 2977 apud
519 2911 591 2958 enm
611 2893 737 2974 habuit,
770 2913 841 2959 eum
865 2896 897 2961 et
916 2893 998 2977 apud
1020 2911 1054 2958 se
1075 2892 1229 2976 glorificat
1250 2894 1284 2958 et
1305 2892 1337 2957 in
1360 2897 1459 2958 sese.“

364 3000 446 3068 Item
467 3003 501 3067 in
526 3006 634 3069 eodem
655 3003 734 3070 libro
757 3007 850 3090 paulo
873 3007 964 3071 antea
977 3002 1035 3086 ¹⁰):
1073 3003 1238 3085 „Summa,
1269 3003 1392 3087 inquit,
1414 3002 1463 3068 di·

273 3114 671 3199 „spensationishaecerat
694 3119 730 3182 ut
752 3119 838 3182 totus
861 3136 943 3184 nunc
964 3115 1161 3199 filius,homo
1184 3115 1345 3182 scilicetot
1362 3116 1463 3197 Deus,

271 3247 345 3313 ,per
365 3227 589 3311 indulgentiam
609 3229 756 3311 paternae
777 3228 946 3295 voluntatis
968 3229 1081 3295 unitati
1102 3232 1247 3314 paternae
1268 3232 1399 3294 naturae
1417 3227 1465 3292 in·

270 3340 371 3417 ,esset
392 3342 424 3404 et
446 3338 499 3423 qni
513 3337 659 3404 manebat
672 3338 705 3403 in
720 3339 834 3404 uirtute
850 3344 988 3423 naturae,
1012 3343 1151 3407 maneret
1174 3339 1338 3424 quoquein
1350 3357 1463 3424 genere

271 3452 427 3526 ,naturae
449 3451 485 3515 Id
506 3451 588 3516 enim
610 3448 728 3515 homini
749 3451 977 3534 acquirebatur,
1000 3454 1236 3530 utDensesset,
1261 3452 1315 3517 scd
1337 3469 1462 3516 manere

273 3560 324 3638 „in
346 3561 405 3627 Dei
423 3561 542 3627 unitate
560 3567 741 3647 assumptus
756 3561 796 3649 ¹¹)
817 3564 997 3630 nullomodo
1011 3566 1142 3648 poterat,
1165 3562 1226 3628 nisi
1243 3581 1298 3647 per
1311 3561 1465 3628 unitatem

272 3673 349 3750 ,Dei
370 3673 403 3738 in
424 3675 577 3738 unitatem
598 3675 656 3740 Dei
690 3675 841 3741 naturalis
865 3676 1018 3756 evaderet,
1040 3679 1077 3741 nt
1096 3695 1151 3760 per
1172 3673 1230 3740 hoc
1254 3673 1336 3757 quod
1357 3672 1390 3737 in
1412 3689 1466 3737 na-

273 3785 362 3860 ,tura
376 3783 416 3869 ¹l)
439 3789 506 3851 erat
528 3787 612 3852 Deus
627 3786 776 3868 Verbum,
799 3787 938 3854 Verbum
962 3806 1083 3872 quoque
1105 3805 1177 3854 caro
1200 3785 1319 3852 lactum
1341 3801 1466 3852 rursum

376 4067 396 4136 ¹)
416 4072 456 4124 ed.
477 4086 547 4135 sese;
573 4071 731 4139 numquid
760 4075 859 4124 extra
882 4087 916 4126 se
946 4069 1099 4137 estquod
1117 4067 1305 4122 clarificat
1326 4069 1359 4121 iu
1377 4067 1467 4120 sese?

272 4169 392 4224 Reddit.
413 4208 420 4222 .
445 4197 470 4206 -
495 4169 515 4235 ¹)
536 4170 577 4224 ed.
597 4169 687 4226 forma.
701 4198 736 4212 -
756 4166 777 4238 11)
796 4169 837 4224 ed.
856 4167 1051 4222 natilitatis
1072 4167 1138 4234 disp.
1153 4195 1187 4206 -
1201 4163 1224 4235 ⁴)
1242 4166 1284 4221 ed.
1303 4164 1466 4232 glorificatus.

275 4296 308 4308 ·-·
323 4270 342 4333 ⁵)
361 4268 401 4321 ed.
421 4269 529 4334 gloriam
548 4269 677 4337 clarescit,
695 4272 723 4322 in
741 4283 770 4322 se
789 4284 847 4321 oum
865 4268 898 4320 D.
918 4268 953 4322 cl.
969 4295 1000 4307 -
1018 4263 1040 4334 ⁸)
1060 4267 1103 4323 ed.
1123 4271 1190 4320 tuae.
1207 4294 1237 4306 -
1256 4268 1275 4329 ²)
1295 4264 1364 4317 Phil.
1384 4263 1411 4318 2.
1425 4261 1466 4316 11.

275 4395 309 4407 -
330 4365 351 4437 ⁸)
369 4367 410 4422 ed.
430 4367 590 4433 glorificavit.
615 4399 647 4410 -
673 4367 694 4439 ⁹)
712 4372 739 4423 in
758 4368 950 4434 conglorians.
979 4396 1011 4408 -
1034 4363 1067 4434 ¹⁰)
1086 4367 1128 4422 ed.
1148 4367 1220 4420 Basil
1239 4364 1312 4421 1550
1328 4379 1389 4432 pag.
1408 4362 1466 4419 178.

276 4493 309 4507 -
332 4461 367 4536 ¹¹)
386 4465 428 4521 cd.
443 4481 492 4521 ass.
512 4466 608 4520 bomo.
631 4495 662 4510 ···
686 4463 719 4536 ¹²)
737 4466 780 4523 ed.
798 4469 851 4522 nst.
870 4465 938 4520 Dei.
