3172 5202
1274 371 1332 436 141

127 532 211 609 rint,
233 531 436 616 praecedente
457 529 582 594 sedvel
604 530 780 616 diruptione
802 531 931 597 nubium
954 534 1085 618 desuper
1095 538 1143 602 vel
1155 537 1333 604 dimissione

129 659 302 724 aquarum,
325 659 400 725 quas
422 641 594 705 humanum
616 641 782 706 artificium
803 644 905 726 aliquo
929 643 1015 710 obice
1038 649 1157 711 structo
1171 649 1211 712 ad
1226 668 1333 714 eornm

127 752 303 836 pernitiem
324 770 361 818 ac
382 751 557 835 decipulam
578 753 787 834 retentaverit,
820 755 902 821 idem
933 756 1047 822 fluvius
1070 759 1229 842 granditer
1250 761 1334 826 intu-

130 861 221 928 muit
242 865 275 928 et
296 863 427 946 desuper
459 865 561 927 castra
594 881 743 948 praeceps
775 866 900 932 vomens
934 868 1057 950 lateque
1078 886 1114 934 ac
1137 871 1333 938 vehementer

132 974 297 1040 exundans
319 991 465 1058 magnam
487 979 609 1057 perlem
638 975 791 1040 exercitus
818 995 890 1041 cnm
913 978 1054 1044 tentoriis
1077 979 1171 1045 simul
1193 983 1225 1046 et
1246 983 1335 1065 pleu-

133 1084 212 1150 stris
232 1103 340 1150 secum
360 1085 393 1149 in
415 1103 500 1148 mare
521 1085 623 1164 traxit,
660 1085 704 1150 ita
736 1089 770 1151 nt
793 1085 982 1169 quibuslibet
1003 1091 1153 1175 plaustris
1174 1093 1223 1156 vel
1245 1095 1335 1158 uten-

133 1195 249 1262 silibus
271 1195 464 1263 inhaerentes
485 1197 548 1262 vivi
569 1197 602 1261 in
622 1195 810 1282 profundum
834 1198 1059 1265 descenderent.

571 1661 681 1736 Cap.
700 1662 785 1718 Lx
794 1666 906 1724 vm.

180 1778 315 1856 Quando
338 1781 647 1872 Constantinopolim
673 1785 804 1855 ventum
826 1785 877 1854 est
898 1785 996 1854 dirisi
1017 1786 1102 1856 sunt
1115 1765 1288 1860 exercitus.

236 1969 356 2036 Deinde
377 1971 676 2055 Constantinopolim
697 1971 850 2039 laboriose
872 1972 947 2039 sess
971 1993 990 2039 a
1023 1978 1111 2041 tanta
1133 1976 1330 2044 multitudine

133 2083 266 2148 ventum
289 2084 347 2148 est.
391 2079 453 2147 Ubi
474 2083 686 2149 Romanorum
707 2103 759 2148 rex
781 2103 799 2148 a
822 2083 948 2152 Graecis
972 2087 1081 2154 callide
1103 2088 1331 2154 circumventus

133 2211 174 2259 ec
196 2191 389 2280 principibus
413 2193 597 2278 quibusdam
619 2213 694 2277 suro
711 2198 743 2260 et
757 2199 886 2281 argento
900 2197 1013 2264 illectis
1028 2198 1088 2263 iter
1101 2219 1158 2284 per
1175 2200 1331 2265 desertum

135 2305 296 2390 quoddam
327 2323 436 2372 versus
457 2307 599 2372 Iconium
631 2307 790 2391 ingressus
820 2310 881 2387 est,
917 2307 1101 2392 obsequium
1122 2329 1156 2375 se
1177 2309 1331 2376 arbitrans

132 2422 293 2505 praestare
313 2419 389 2500 Deo,
408 2417 436 2484 si
457 2435 666 2503 quascumque
688 2423 795 2504 gentes
812 2417 998 2485 Christianis
1019 2419 1149 2486 infestas
1165 2419 1331 2506 subjugare

136 2531 261 2599 Christo
283 2530 333 2596 vel
352 2529 515 2596 humiliare
536 2532 630 2615 atquc
651 2529 807 2596 infirmare
829 2527 991 2612 potuisset,
1014 2532 1069 2597 sed
1092 2530 1229 2611 Graecis,
1254 2550 1331 2615 quo·

134 2661 208 2708 rum
229 2640 261 2706 id
282 2644 349 2708 erat
371 2641 536 2708 consilium
556 2641 753 2708 inimicorum
775 2660 903 2707 suorum
925 2640 1174 2707 humiliationem
1196 2640 1330 2728 (potius)

135 2773 232 2840 quam
253 2753 413 2821 christiani
435 2754 569 2820 nominis
591 2753 847 2840 propagationem
868 2754 1110 2822 intendentibus.
1154 2755 1256 2839 Igitur
1279 2774 1330 2820 ex-

135 2866 283 2934 ercitibus
304 2867 337 2932 in
359 2867 420 2932 duo
442 2865 549 2931 divisis
571 2885 623 2931 rer
644 2866 858 2931 Romanorum
894 2885 965 2931 cum
987 2885 1043 2931 suo
1067 2866 1201 2932 exercitu
1222 2884 1328 2932 versus

134 2977 278 3047 Iconium
310 2979 393 3044 riam
425 2977 520 3042 ductu
543 2976 912 3062 Graecorumingressus
935 2981 983 3042 est
1004 2997 1058 3060 per
1080 2978 1255 3056 desertum
1278 2996 1330 3043 rex

134 3112 208 3160 vero
229 3091 376 3159 Franciae
409 3107 481 3154 cum
513 3089 646 3153 exercitu
679 3087 738 3152 sibi
770 3089 904 3154 adunato
937 3107 1045 3154 versus
1068 3089 1265 3154 Antiochiam
1298 3093 1330 3157 et

134 3205 366 3289 lerosolymam
387 3199 479 3280 viam,
513 3183 560 3263 ut'
580 3201 731 3282 coeperat,
765 3201 866 3265 tenuit
898 3200 966 3264 aliis
998 3219 1053 3282 per
1076 3217 1161 3264 mare
1182 3200 1251 3265 aliis
1273 3220 1330 3285 per

135 3320 253 3382 terram
275 3310 481 3380 tendentibus.
520 3309 636 3375 Verum
659 3313 791 3394 quantae
824 3312 947 3395 utrique
969 3311 1115 3377 exercitui
1135 3313 1328 3379 calamitates

136 3427 327 3506 obvenerint,
361 3423 507 3508 qnoniam
529 3440 708 3487 enumerare
730 3420 921 3508 impossibile
943 3421 1033 3503 toret,
1057 3424 1239 3490 summatim
1260 3443 1327 3491 ma·

131 3539 211 3623 jora.
224 3536 479 3625 perstringemus.

234 3647 395 3714 Exercitus
416 3663 548 3728 namque
571 3661 677 3708 versus
698 3640 839 3706 Iconium
861 3641 1004 3726 gradiens
1034 3642 1150 3725 labore,
1188 3643 1269 3710 same
1291 3663 1328 3712 ac

136 3762 190 3829 siti
211 3761 244 3825 in
264 3760 386 3825 deserto
419 3756 577 3822 confectus
610 3754 735 3837 insuper
767 3753 948 3818 dissenteria
979 3753 1163 3837 gravissime
1193 3774 1229 3820 ac
1251 3775 1328 3840 pene

136 3871 352 3939 universaliter
387 3867 511 3952 fatigari
533 3865 643 3950 coepit,
677 3866 728 3931 oui
747 3866 894 3938 nimirum
916 3867 1089 3931 infirmitati
1110 3866 1198 3932 labor
1220 3886 1328 3951 corpo·

136 3986 211 4054 ralis
234 3981 421 4068 permaxime
443 3979 616 4045 contrarius
638 3982 695 4044 est.
740 3979 839 4064 Igitur
871 3977 1050 4043 infirmitate
1072 3982 1103 4042 et
1124 3977 1229 4043 labore
1261 3978 1328 4045 viae

136 4099 291 4181 simulque
312 4093 415 4178 inopia
436 4091 528 4158 turba
550 4090 689 4157 conlecta
707 4095 808 4157 morte
823 4091 963 4156 consumi
977 4089 1087 4172 coepit,
1109 4090 1154 4155 ita
1168 4093 1205 4155 ut
1218 4089 1328 4156 diatim

135 4206 352 4276 multitudines
384 4205 468 4268 feme
490 4221 526 4267 ac
548 4202 656 4269 morbo
690 4189 783 4268 simul
805 4205 836 4266 et
857 4198 962 4265 labore
995 4201 1140 4283 depastae
1173 4201 1325 4267 caderent.

135 4319 282 4389 Transito
315 4321 420 4384 tamen
441 4317 487 4382 sio
507 4312 648 4382 morbide
679 4331 715 4379 ac
735 4313 888 4379 laboriose
909 4313 1031 4378 deserto
1054 4314 1180 4377 rentum
1201 4312 1327 4377 tandem

134 4434 184 4504 ost
205 4431 246 4499 ad
266 4435 384 4500 terram
415 4426 557 4496 hostibus
589 4425 770 4512 habitatam,
803 4423 855 4510 qui
878 4442 929 4490 eos
951 4441 1072 4510 pugnae
1094 4421 1272 4492 occursibus
1295 4428 1326 4492 et
