3158 5212
272 416 313 481 10

270 587 403 654 secretis
426 587 634 671 exquirendis
657 587 756 652 etiam
778 588 836 654 illa
859 587 999 654 dicenda
1020 588 1202 673 iniquitatis
1224 589 1381 673 mysteria
1402 607 1481 673 pro-

270 692 412 775 positum
444 690 559 758 habeo.
590 693 630 757 In
661 693 734 776 ipsa
756 712 832 757 vero
854 691 1063 775 inquisitione
1095 712 1169 756 mea
1197 691 1334 757 aliorum
1364 690 1482 774 exqui-

267 794 340 860 sitis
371 802 405 861 et
435 795 578 861 inventis
608 801 775 878 tamquam
807 796 932 881 paratis
954 796 1003 860 uti
1025 795 1218 861 delectabile
1241 795 1320 860 mihi
1342 796 1413 877 erit,
1437 812 1483 859 ne

270 898 312 964 ab
335 918 399 964 uuo
422 899 492 965 solo
515 899 604 964 dicta
626 900 754 966 facilius
778 901 977 985 contemptui
1001 899 1190 981 habeantur,
1226 919 1421 983 quamquam
1446 905 1483 963 et

270 1003 312 1068 ab
335 1022 399 1068 nno
422 1004 492 1070 solo
515 1003 702 1069 testimonia
725 1003 857 1088 pietatis
879 1004 1009 1087 prolata
1032 1002 1293 1089 contempnenda
1314 1023 1379 1069 non
1401 1002 1481 1068 sint.

272 1105 326 1171 Sic
348 1107 434 1172 enim
455 1112 489 1172 et
510 1107 615 1173 sancti
648 1107 879 1192 Evangelistae
913 1109 1074 1192 quaedam
1108 1109 1213 1190 simul,
1249 1107 1410 1191 quaedam
1445 1113 1483 1171 et

270 1211 332 1277 soli
355 1210 507 1278 dixerunt
539 1218 573 1277 et
595 1219 704 1277 tamen
727 1213 835 1278 omnia
865 1230 977 1278 eorum
1004 1213 1101 1295 dicta,
1139 1219 1237 1298 prout
1260 1217 1420 1297 opportet,
1445 1210 1483 1276 in

272 1315 366 1399 apice
390 1315 565 1381 canonicae
588 1315 792 1381 auctoritatis
809 1315 978 1384 habentur.
1003 1317 1098 1395 Quod
1121 1324 1154 1383 et
1176 1317 1204 1383 si
1226 1321 1362 1402 potuero
1386 1314 1481 1380 testi·

274 1417 390 1484 moniis
416 1419 647 1504 scripturarum
669 1439 741 1485 cum
763 1420 990 1487 ecclesiasticis
1014 1423 1115 1505 gestis
1146 1419 1342 1506 comparatis
1365 1419 1481 1484 Domi·

271 1542 348 1587 num
370 1523 405 1587 in
427 1523 575 1589 omnibus
594 1524 795 1590 sermonibus
811 1526 877 1591 suis
889 1525 1103 1608 justificatum
1120 1525 1351 1606 demonstrare,
1368 1543 1482 1607 quem·

271 1624 447 1692 admodum
469 1628 625 1712 scriptum
655 1635 722 1695 est:
759 1634 803 1694 ut
834 1630 1103 1712 justificeris
1136 1631 1178 1695 in
1211 1628 1482 1695 sermonibus

273 1729 359 1796 tuis
393 1737 433 1797 et
465 1732 610 1799 vincas
644 1753 731 1800 cum
760 1732 1021 1820 judicarisp)
1056 1755 1150 1801 nemo
1184 1740 1294 1800 tamen
1326 1732 1482 1798 aestimet

175 1886 179 1896 .
272 1853 324 1899 me
346 1855 405 1920 per
426 1855 606 1902 sermonem
636 1839 689 1904 vel
711 1839 903 1925 scripturam
925 1839 1075 1910 territare
1097 1841 1182 1906 velle
1204 1837 1351 1903 homines
1385 1835 1481 1918 quasi

271 1936 372 2004 instet
393 1939 463 2006 dies
486 1942 627 2026 Domini,
649 1941 809 2026 siquidem
832 1943 935 2009 omnis
958 1962 1062 2009 sermo
1085 1964 1176 2010 meus
1191 1943 1261 2009 sine
1276 1939 1481 2027 praejudicio

272 2040 453 2109 futurorum
475 2045 519 2111 sit
541 2052 574 2112 et
595 2047 671 2113 nori
694 2067 801 2131 aquo
824 2047 1038 2113 dictumest:
1071 2069 1151 2113 non
1173 2065 1265 2114 esse
1288 2051 1480 2112 nostrum

272 2166 396 2214 nosse
430 2154 620 2236 tempora
641 2153 709 2218 vel
730 2159 953 2235 momenta,
993 2173 1097 2237 quae
1120 2153 1248 2218 Pater
1268 2149 1414 2235 posuit
1436 2147 1481 2212 in

272 2271 346 2318 sua
367 2254 621 2342 potestate²)
644 2256 741 2323 etde
763 2257 815 2322 die
838 2256 895 2322 illo
917 2255 1004 2321 idem
1016 2257 1102 2323 filius
1125 2256 1187 2322 Dei
1206 2274 1340 2336 nemo,
1363 2251 1480 2335 inquit,

272 2357 391 2423 novit
414 2379 547 2444 neque
571 2362 716 2445 angeli
736 2361 777 2426 in
800 2361 919 2426 coelo
941 2380 1074 2444 neque
1097 2360 1222 2426 filius
1244 2357 1328 2424 nisi
1351 2357 1481 2422 Pater

271 2460 431 2550 solusi)
455 2465 595 2531 Proinde
618 2486 712 2532 nemo
735 2488 756 2532 a
778 2487 829 2531 me
852 2472 1019 2550 exspectet
1040 2465 1093 2530 vel
1115 2464 1297 2549 suspicetur
1318 2461 1403 2528 velle
1426 2478 1480 2524 me

273 2562 423 2651 diffinire,
459 2567 546 2652 quod
576 2570 610 2635 in
633 2571 734 2635 solius
757 2570 864 2636 Patris
896 2571 1014 2636 notitia
1036 2576 1069 2636 et
1092 2573 1255 2654 potestate
1287 2567 1386 2632 situm
1419 2570 1480 2631 est.

275 2669 378 2737 Totus
401 2693 479 2739 vero
501 2694 607 2740 sermo
630 2680 741 2740 noster
762 2675 805 2740 ad
827 2675 887 2740 hoc
902 2674 1016 2757 tendit,
1036 2680 1072 2740 ut
1088 2672 1286 2738 demonstret
1300 2669 1482 2756 praeterita

273 2775 428 2840 ecclesiae
452 2784 485 2843 et
507 2777 708 2844 inimicorum
731 2779 802 2863 ejus
825 2784 938 2845 contra
974 2799 1047 2844 eam
1069 2783 1164 2862 gesta
1188 2775 1383 2842 sufficientia
1406 2793 1479 2839 esse

272 2875 559 2964 adimpletionem
582 2883 813 2968 scripturarum
836 2882 876 2948 de
899 2883 1090 2948 antichristo
1106 2881 1306 2965 loquentium
1329 2878 1428 2944 etiam
1452 2877 1480 2943 si

274 3000 339 3046 non
361 2984 472 3049 veniat
495 2985 571 3051 talis
593 2987 699 3053 bestia
722 2988 827 3070 qualis
850 2988 948 3070 vulgo
983 2988 1175 3053 aestimatur
1206 2989 1362 3051 venturus
1395 2981 1479 3048 anti·

272 3083 419 3169 christus,
458 3088 513 3171 qui
535 3090 688 3156 videlicet
721 3090 884 3157 Christum
914 3111 978 3156 non
1001 3090 1100 3157 luisse
1124 3088 1298 3171 Christum,
1332 3107 1367 3154 se
1400 3107 1479 3153 vero

274 3187 437 3256 Christum
460 3212 531 3258 esse
547 3202 683 3277 asserat,
698 3197 752 3279 qui
775 3195 809 3260 in
832 3196 953 3279 templo
975 3195 1138 3261 materiali
1168 3193 1282 3259 sedeat
1305 3191 1480 3258 ostendens

272 3313 308 3358 se
332 3299 497 3379 tamquam
531 3299 574 3364 sit
596 3301 686 3367 Deus
716 3306 749 3365 et
781 3301 866 3365 inter
888 3306 1017 3365 caetera
1049 3299 1144 3382 signa
1175 3297 1345 3363 mendacia
1377 3302 1479 3361 mate-

272 3397 386 3462 rialem
407 3400 516 3484 ignem
550 3403 590 3468 de
613 3405 704 3469 coelo
727 3403 922 3470 descendere
945 3403 1045 3468 saciat
1079 3421 1117 3468 ac
1140 3401 1222 3467 duos
1245 3407 1346 3467 testes
1368 3398 1481 3465 Enoch

274 3507 308 3567 et
329 3503 459 3569 Heliam
481 3508 695 3574 materialiter
721 3508 847 3575 occidat
869 3529 907 3574 ac
931 3515 1060 3574 caetera
1081 3512 1229 3593 peragat,
1253 3524 1337 3588 quae
1360 3503 1400 3570 de
1422 3504 1480 3569 illo

274 3606 497 3691 ecclesiastiea,
524 3612 629 3694 magis
657 3612 766 3697 opinio
789 3633 886 3696 quam
909 3611 989 3678 fides
1011 3618 1110 3678 tenet.
1156 3610 1255 3676 Fides
1278 3609 1364 3674 enim
1385 3608 1480 3674 nobis

273 3709 378 3775 solum
393 3711 427 3777 in
442 3714 547 3779 Deum
563 3717 694 3782 Patrem
709 3724 742 3782 et
757 3717 790 3782 in
807 3718 980 3783 Dominum
996 3718 1110 3782 Jesum
1132 3721 1231 3799 atque
1253 3714 1289 3779 in
1310 3713 1478 3778 amborum

274 3811 432 3897 Spiritum
465 3825 515 3884 est
545 3827 578 3886 et
601 3841 671 3888 esse
694 3821 792 3888 debet
818 3828 917 3906 atque
939 3822 973 3887 in
996 3821 1056 3904 his,
1080 3839 1163 3904 quae
1187 3819 1222 3884 in
1255 3836 1388 3902 corpore
1420 3837 1479 3901 pro

273 3924 385 3985 nostra
414 3922 521 3988 salute
550 3945 667 4010 passus
690 3931 740 3992 est
762 3927 815 3992 vel
838 3926 906 4010 egit
929 3926 1087 3992 Dominus
1110 3926 1207 3991 Jesus
1240 3927 1274 3988 et
1307 3919 1478 3986 defuturo

270 4022 405 4105 judicio.
428 4025 478 4091 De
501 4027 691 4096 antichristo
714 4050 791 4097 vero
814 4030 895 4096 nihil
917 4028 1007 4096 aliud
1027 4029 1121 4096 nobis
1141 4029 1175 4094 in
1190 4028 1254 4094 fide
1277 4045 1348 4093 esse
1372 4025 1477 4107 debet,

274 4126 337 4193 nisi
360 4128 447 4212 quod
476 4150 534 4215 per
557 4133 629 4216 ejus
651 4133 826 4200 adventum
857 4141 890 4200 et
913 4135 1134 4221 operationem
1156 4133 1336 4218 scripturae
1359 4130 1400 4198 de
1421 4131 1477 4197 illo

376 4341 395 4404 ¹)
415 4339 458 4395 Ps.
483 4340 527 4395 50.
546 4339 571 4393 6.

377 4441 397 4506 ²)
418 4444 466 4495 act.
488 4440 512 4495 1.
534 4439 559 4495 7.

376 4536 397 4607 ⁸)
416 4539 499 4592 nuath
519 4538 563 4595 24.
583 4540 627 4597 36.
