3168 5190
632 667 743 736 cap.
762 669 861 728 XII.

134 793 311 862 Maximam
332 791 515 860 divinorum
537 808 669 878 operum
686 792 813 879 partem
827 792 965 880 periisse
980 794 1046 862 nisi
1060 796 1151 865 homo
1166 799 1342 885 peccasset.

239 979 384 1064 Amplius
406 982 512 1045 autem
533 977 635 1043 adhuc
656 980 824 1062 sciendum,
859 982 943 1064 quod
965 982 993 1048 si
1014 982 1108 1050 homo
1131 1002 1193 1050 non
1215 1004 1340 1069 peccas·

133 1095 196 1170 set,
220 1091 346 1158 divitiae
378 1090 496 1174 gratiae
518 1090 578 1155 Dei
600 1095 632 1155 et
652 1089 817 1157 ineffabilis
850 1092 904 1157 illa
926 1092 1051 1159 dilectio
1074 1095 1245 1178 charitatis,
1281 1116 1341 1182 qua

134 1204 173 1267 ut
196 1219 321 1267 serrum
353 1199 519 1265 redimeret
540 1198 641 1264 filium
664 1200 792 1268 tradidit
826 1219 946 1287 quaque
968 1201 1049 1269 filius
1072 1204 1141 1290 ipse
1163 1225 1220 1292 pro
1243 1209 1340 1274 servis

133 1311 322 1378 etinimicis
355 1311 435 1376 mori
457 1311 603 1395 dignatus
626 1314 683 1391 est,
717 1311 818 1378 adhuc
839 1313 967 1398 angelos
991 1317 1023 1379 ot
1044 1315 1185 1382 homines
1218 1319 1339 1387 lateret.

133 1423 176 1488 Iit
199 1425 353 1508 quantum
375 1426 522 1506 putamus
545 1421 721 1487 divinorum
744 1441 874 1509 operum
894 1424 927 1490 in
948 1425 1100 1493 infectum
1116 1432 1338 1496 revocaretur?

132 1533 219 1599 Nam
242 1551 314 1600 cnm
336 1551 487 1620 magnum
519 1533 562 1599 sit
594 1533 696 1599 Deum
729 1534 856 1619 angelos
890 1538 983 1619 atque
1005 1537 1155 1620 homines,
1191 1541 1337 1606 coelestia

133 1648 228 1730 atque
260 1645 420 1710 terrestria
453 1644 491 1709 de
512 1643 608 1709 nihilo
629 1662 760 1725 creasse,
795 1644 896 1729 majus
919 1647 1154 1716 miserationum
1176 1651 1235 1717 Dei
1258 1670 1334 1736 opus

132 1760 190 1839 est,
215 1773 277 1840 quo
298 1755 366 1841 ipse
388 1757 483 1821 homo
505 1756 587 1821 inter
608 1755 749 1822 homines
778 1756 845 1822 fieri
868 1760 899 1822 ot
920 1758 1061 1824 miserias
1084 1764 1207 1827 nostras
1231 1761 1335 1830 subire

130 1888 187 1954 pro
210 1870 318 1934 nostra
338 1865 519 1932 liberatione
541 1867 725 1953 dedignatus
747 1887 810 1934 non
832 1873 890 1937 est.
917 1870 986 1937 Hoc
1008 1873 1091 1938 enim
1114 1876 1146 1940 et
1166 1875 1334 1959 psalmista

129 1979 323 2064 perpendens
345 1977 378 2042 in
399 1977 573 2062 gratiarum
599 1979 720 2048 actione
743 1984 968 2047 commemorat
990 2000 1062 2048 oum
1082 1983 1142 2052 ait:
1187 1984 1332 2052 Suavis

128 2091 322 2156 Dominus
344 2090 545 2158 uniuersis
569 2094 607 2156 et
629 2091 920 2159 miserationes
952 2093 1037 2178 ejus
1061 2096 1332 2179 superomnia

128 2221 248 2288 opero
281 2204 419 2290 ejus.¹)
463 2201 588 2271 Etenim
620 2203 679 2268 etsi
701 2223 816 2289 magna
838 2205 973 2289 dignitas
1006 2204 1181 2270 divinorum
1204 2225 1331 2290 operum

129 2321 181 2384 est
202 2316 303 2401 major
325 2320 430 2382 tamen
453 2314 597 2382 omnibus
619 2315 681 2380 ista
702 2315 828 2400 pietatis
852 2315 990 2400 dignatio
1014 2320 1072 2382 est.
1102 2315 1191 2382 Unde
1214 2321 1245 2383 et
1267 2337 1330 2385 non

129 2430 251 2495 minore
284 2426 480 2494 veneratione
510 2425 650 2492 habenda
682 2430 729 2492 est
750 2427 887 2492 humana
909 2427 941 2492 in
964 2426 1088 2494 onusto
1122 2434 1243 2510 natura,
1277 2450 1334 2515 per

128 2557 225 2625 quam
261 2539 417 2626 redempti
438 2556 564 2617 sumus,
599 2538 680 2604 sicut
702 2537 868 2603 Nestorius
902 2539 1112 2622 dogmatisare
1144 2555 1239 2604 ausus
1274 2544 1331 2622 est,

127 2653 183 2718 sed
199 2652 291 2736 juxta
313 2649 463 2737 Ephesini
496 2649 617 2716 concilii
640 2649 858 2716 diffinitionem
890 2667 951 2716 una
974 2653 1023 2716 est
1043 2650 1223 2716 adoratione
1256 2670 1330 2717 cnm

125 2763 289 2830 divinitate
311 2761 406 2828 Verbi
439 2761 620 2828 veneranda.
666 2760 777 2846 Itaque
806 2780 869 2827 non
891 2759 997 2828 debuit
1030 2759 1131 2827 facere
1165 2761 1259 2841 Deus,
1294 2767 1330 2828 ut

124 2874 220 2940 homo
236 2892 299 2939 non
313 2875 485 2958 peccasset,
508 2892 546 2938 ne
569 2871 696 2936 divitiae
717 2873 836 2956 gratiae
858 2871 925 2956 ejus
948 2873 981 2937 in
1003 2875 1165 2938 aeternum
1180 2873 1328 2954 laterent;

123 2987 222 3053 immo
256 3003 329 3051 voro
352 2984 459 3050 debuit
480 2982 658 3067 permittere
680 2982 757 3048 illud
779 2985 907 3064 malum,
942 2987 978 3050 ut
1005 2984 1212 3052 innotesceret
1234 3005 1329 3052 sunm

123 3098 253 3166 bonum.
275 3097 365 3163 Unde
387 3095 469 3160 enim
492 3094 718 3161 misericordias
740 3094 868 3160 Domini
888 3095 922 3158 in
942 3098 1103 3161 aeternum
1126 3099 1325 3163 cantaremus

123 3207 354 3276 misericordiae
374 3205 474 3292 ipsius
497 3203 615 3272 viscera
629 3207 834 3290 ignorantes?
857 3206 949 3273 Nunc
963 3211 1071 3273 autem
1085 3209 1117 3273 st
1132 3208 1324 3294 principibus

122 3326 154 3388 et
174 3318 387 3406 potestatibus
422 3317 455 3382 in
489 3315 684 3397 coelestibus,
707 3320 743 3382 ut
764 3319 924 3400 apostolus
964 3336 1085 3402 qnoque
1114 3317 1236 3398 asserit,
1271 3338 1325 3402 per

121 3431 287 3514 ecelesiam
308 3429 475 3495 innotescit
496 3427 698 3495 multiformis
721 3427 874 3514 sapientia
895 3426 964 3493 Dei.
994 3429 1080 3510 Quae
1100 3426 1250 3492 nimirum
1273 3445 1324 3492 sa·

119 3543 237 3629 pientia
259 3541 318 3606 Dei
350 3540 383 3606 in
415 3542 523 3605 nostra
553 3537 736 3606 liberatione
769 3538 903 3604 marimo
936 3537 1066 3621 claruit,
1102 3555 1163 3621 qua
1185 3537 1323 3604 edulium

119 3654 222 3721 carnis
244 3655 369 3718 nostrae
406 3649 526 3736 raptori
546 3649 713 3716 artificiose
734 3668 771 3715 ao
793 3650 1022 3734 sapientissimo
1044 3647 1167 3731 objecit,
1190 3651 1226 3714 ut
1246 3665 1321 3714 acu·
1376 3649 1382 3661 '

117 3767 184 3833 leus
208 3763 379 3830 divinitatio
416 3763 521 3828 fauces
554 3762 729 3828 devorantis
751 3762 923 3847 perforaret
956 3760 1037 3827 sicut
1069 3759 1220 3843 scriptum
1254 3762 1320 3826 est:

117 3875 323 3960 Numquid
345 3872 573 3940 Loviathan
605 3871 716 3939 hamo
750 3872 885 3956 capies
914 3874 986 3938 aut
1007 3869 1236 3956 perforabis
1258 3889 1320 3937 ar·

116 3987 234 4053 milla
256 3984 461 4050 maxillam
483 3982 632 4068 ajusto)

218 4097 259 4165 Et
279 4095 341 4161 ista
362 4094 499 4161 dicentes
532 4111 727 4178 nequaquam
759 4093 792 4158 iu
825 4112 932 4160 eorum
965 4112 1100 4160 errorem
1134 4091 1316 4173 delabimur,

114 4211 169 4297 qui
203 4205 347 4275 dicebant
375 4207 552 4290 apostolum
574 4203 691 4271 dicerer
727 4203 892 4270 Faciamus
914 4204 998 4271 mala
1019 4207 1056 4271 ut
1077 4201 1203 4270 veniant
1224 4200 1314 4269 bona.

111 4337 364 4368 μ’...-

216 4423 235 4494 ¹)
254 4423 297 4477 Pe.
318 4419 378 4476 144.
398 4420 424 4475 9.
445 4449 478 4460 -
500 4417 520 4490 ¹)
539 4418 597 4476 Job.
616 4417 660 4474 40.
681 4417 725 4474 20.
747 4417 792 4474 21.
1155 4497 1214 4564 14*
