3158 5212
255 391 297 457 28

253 567 302 630 est
323 567 405 631 male
426 565 587 632 aedificata
609 567 711 652 primo
744 567 822 632 bene
843 565 972 645 destrui,
1008 569 1043 633 ut
1072 569 1181 634 melior
1214 568 1388 635 aedificatio
1414 569 1452 635 de

255 676 372 742 eisdem
394 675 543 761 subsequi
566 679 668 744 valeat
689 676 847 765 lapidibus
870 680 902 743 et
922 677 1099 762 impendiis.

742 1064 853 1132 Cap.
872 1063 970 1134 v1.¹)

305 1188 351 1256 lte
373 1187 492 1276 templo
515 1187 698 1255 manufacto
720 1188 868 1276 quotiens
889 1186 963 1274 post
980 1186 1117 1274 primam
1141 1183 1399 1254 aedificationem

583 1292 784 1362 destructum
806 1293 840 1360 et
860 1295 1048 1380 reparatum
1070 1290 1124 1357 sit.

351 1479 445 1546 Venit
466 1499 547 1546 nunc
580 1481 613 1546 in
635 1484 781 1561 mentem,
817 1480 901 1565 quod
934 1479 1009 1544 olim
1042 1449 1138 1544 circa*
1159 1479 1268 1562 templi
1301 1476 1453 1543 fabricam

250 1591 455 1674 Jerosolymis
478 1591 600 1657 accidit.
635 1591 775 1657 Herodes
798 1589 953 1670 funestus,
976 1591 1177 1674 parvulorum
1199 1608 1273 1654 nece
1296 1591 1452 1668 cruentus,

249 1703 391 1787 propriae
424 1704 527 1769 moris
560 1721 597 1770 ac
618 1703 756 1770 filiorum
775 1701 932 1788 parricida
956 1701 1155 1785 virorumque
1177 1719 1232 1783 per
1255 1701 1358 1765 omnia
1381 1717 1453 1764 san·

249 1814 431 1897 guinanusl)
464 1816 619 1901 templum
651 1815 757 1901 ipsum
789 1814 864 1879 olim
886 1831 904 1878 a
928 1811 1093 1879 Salomone
1129 1809 1214 1880 CXX
1247 1811 1452 1895 cubitorum⁸)

248 1925 421 1992 altitudinis
444 1925 642 2016 fabricatum,
677 1945 749 1992 cum
784 1927 978 1992 destructum
1001 1942 1020 1988 a
1043 1921 1205 1989 Chaldaeis
1240 1921 1298 1987 sub
1320 1922 1451 1988 ducibus

245 2034 420 2103 Zcrcbabel
434 2036 629 2103 etNehemia
650 2037 708 2102 filii
730 2037 920 2122 captivitatis
942 2031 1180 2101 adhortantibus
1202 2033 1364 2120 prophetis
1387 2033 1452 2098 LX

248 2146 426 2213 cubitorum
446 2146 619 2213 altitudinis
642 2146 910 2226 reaedificassent,
931 2147 1037 2212 dolens
1059 2147 1097 2228 is,
1120 2168 1214 2233 quem
1236 2145 1450 2225 describimus,

247 2258 387 2324 Herodes
409 2257 586 2324 altitudinis
609 2259 647 2338 ei,
681 2257 774 2344 qua⁴)
807 2278 864 2346 per
887 2257 1087 2324 Salomonem
1108 2259 1211 2345 primo
1235 2260 1451 2325 constructum

247 2367 358 2449 fluerat,
395 2369 531 2434 mediam
563 2372 686 2455 partem
709 2371 834 2450 deesse,
868 2369 908 2434 ad
942 2372 1044 2436 solum
1066 2370 1148 2435 dimi
1169 2371 1335 2455 praecepit,
1366 2371 1451 2455 quod

247 2479 343 2546 otiam
363 2481 397 2545 in
417 2480 584 2565 pristinam
621 2480 680 2546 sub
714 2481 882 2548 Salomone
916 2482 1102 2567 dispositam
1137 2481 1336 2546 altitudinem
1367 2481 1450 2546 intra

247 2589 338 2654 unius
360 2589 431 2653 anni
454 2591 485 2655 et
501 2589 639 2674 quinque
654 2592 811 2656 mensium
826 2590 1166 2676 spatiumrelormavit,
1190 2590 1344 2656 arbitrans
1367 2591 1449 2659 forte

249 2696 433 2784 obsequium
467 2718 500 2763 se
522 2702 681 2784 praestare
703 2703 781 2781 Deo,
810 2702 907 2767 immo
931 2703 1014 2787 quod
1037 2708 1086 2770 est
1107 2703 1220 2785 uerius,
1255 2719 1448 2768 sucaranae

247 2810 410 2875 consulens
430 2810 548 2893 gloriae
570 2830 665 2895 seque
687 2814 783 2878 stulte
803 2813 982 2898 praeferens
1005 2819 1186 2880 sanctorum
1201 2814 1304 2880 studio
1323 2821 1450 2898 patrum

246 2937 283 2985 ac
305 2921 531 3006 prophetarum
564 2923 597 2986 in
619 2924 776 2989 celeritate
799 2927 901 3010 operis
926 2929 957 2991 et
977 2925 1145 3010 impendiis
1168 2929 1362 3012 sumptuum.

347 3030 437 3097 Addo
461 3032 556 3098 etiam
577 3034 660 3100 idem
693 3035 796 3119 ipsum
830 3037 985 3122 templum
1018 3036 1131 3101 afiliis
1154 3037 1449 3122 transmigrationis,

246 3145 283 3208 ut
304 3141 423 3207 dictum
445 3145 510 3226 est,
532 3146 782 3228 reaedificatum,
804 3166 857 3212 rex
879 3147 1069 3214 Graecorum
1088 3146 1262 3213 Antiochus
1284 3149 1450 3233 profanare

246 3273 308 3320 non
330 3255 482 3342 timuit;⁶)
503 3258 558 3323 sed
580 3255 803 3323 obsistentibus
822 3257 1086 3342 eiMachabaeisl)
1109 3279 1145 3327 ac
1166 3279 1225 3344 pro
1247 3259 1450 3345 patriislegi·

245 3362 305 3430 bus
326 3367 538 3452 pugnantibus
574 3369 606 3434 in
642 3367 785 3434 manibus
809 3389 917 3435 eorum
940 3390 1035 3456 opus,
1074 3371 1209 3436 Domino
1248 3374 1448 3457 cooperante,

245 3481 467 3563 prosperatum
489 3482 538 3546 est
560 3482 591 3545 et
612 3480 740 3546 civitate
761 3498 798 3545 ac
822 3482 939 3568 templo
963 3484 1095 3567 receptis
1118 3483 1218 3550 denuo
1241 3481 1281 3547 ab
1303 3481 1347 3547 eis
1370 3484 1448 3546 tem·

245 3590 336 3674 plum
367 3595 583 3657 consecratum
618 3594 650 3656 et
671 3592 792 3656 coronis
815 3591 916 3657 aureis
938 3596 1142 3677 perornatum
1164 3596 1222 3660 est.
1266 3591 1347 3657 Post
1368 3609 1448 3676 quae

247 3701 350 3765 omnia
370 3701 523 3784 funestus,
560 3706 596 3768 ut
627 3704 836 3789 praemissum
858 3705 915 3784 est,
949 3704 1088 3770 Herodes
1122 3721 1251 3768 manum
1286 3702 1446 3788 apposuit,

246 3807 389 3895 idemque
413 3815 566 3899 templum
589 3815 628 3880 ad
652 3816 754 3881 solum
777 3813 901 3880 diruens
922 3814 956 3879 in
979 3815 1108 3900 duplam
1129 3813 1326 3879 altitudinem
1348 3813 1448 3879 refor-

349 4015 368 4087 ¹)
386 4017 429 4071 Ab
448 4021 497 4072 hoc
515 4024 599 4088 capite
617 4023 709 4088 incipit
727 4021 808 4074 editio
827 4021 949 4076 Gretseri.
970 4018 1056 4088 Opera
1075 4025 1134 4076 tom.
1154 4019 1200 4076 VI.
1221 4033 1280 4086 pag.
1300 4017 1363 4074 245.

348 4112 369 4184 ²)
389 4117 502 4175 Gretser.
522 4124 712 4186 sanguinarius.

346 4209 367 4281 8)
386 4210 424 4266 ΙΙ.
442 4214 506 4268 Esd.
525 4215 552 4269 2.
571 4217 597 4275 3.
617 4214 643 4270 4.
662 4217 689 4274 b.

345 4307 368 4378 ⁴)
386 4311 468 4365 dreis.
488 4315 566 4380 quod.

348 4409 367 4475 δ)
385 4408 406 4460 1.
426 4410 514 4465 maen.
533 4409 614 4465 2-5.

346 4504 368 4580 ο)
387 4507 423 4564 11.
440 4510 527 4564 Mach.
548 4509 591 4566 10.
