3168 5190
1275 399 1339 463 215

138 569 318 652 passionem
340 571 603 635 consummatum.
625 567 700 651 Quis
717 567 799 632 enirn
822 567 915 652 digne
935 568 1105 650 ponderare
1128 571 1221 653 queat
1236 571 1342 634 tantae

138 678 304 747 charitatis
326 697 440 746 munus
462 678 552 745 uobis
574 679 776 765 impensum?
809 677 875 744 Aut
898 679 966 762 quis
990 679 1119 764 dignum
1141 681 1214 763 quid
1236 683 1342 767 tantae

139 793 287 860 charitati
308 792 477 877 rependere
497 794 590 876 queat
610 790 704 856 etiam
727 790 876 886 similius
898 809 953 875 pro
970 790 1093 858 christo
1116 791 1195 857 mori
1216 793 1341 876 possit?

137 905 297 988 Quantula
319 907 368 971 ost
389 903 472 970 euim
488 902 623 968 hominis
657 903 747 970 unius
781 921 865 969 mors
899 904 949 968 vel
971 905 1053 969 certe
1075 903 1159 970 mille
1180 904 1341 971 hominum

137 1020 257 1083 mortes
280 1018 336 1081 aut
357 1015 453 1098 etiam
474 1017 608 1098 quantus
632 1017 680 1079 est
698 1016 784 1079 totus
807 1015 942 1079 mundus
963 1013 1091 1080 lactoris
1114 1016 1163 1080 sui
1185 1018 1288 1096 morti,
1315 1019 1342 1082 si

136 1147 193 1213 pro
216 1146 253 1193 eo
276 1143 365 1193 versa
387 1127 454 1193 uice
475 1127 556 1192 mori
576 1131 695 1212 posset,
720 1129 941 1210 comparatus?
964 1129 1044 1211 Quid
1068 1131 1116 1194 est
1140 1129 1223 1193 enim
1245 1129 1339 1193 homo

138 1240 245 1325 quiet
267 1238 333 1322 ipse
366 1239 468 1304 minor
501 1238 626 1322 quidam
659 1239 793 1304 muudus
816 1240 864 1304 est
886 1239 1076 1322 compositus
1112 1239 1207 1304 Deo?
1250 1238 1340 1305 Unde

135 1351 238 1418 David
261 1351 458 1436 angustiatus
482 1350 555 1433 quid
587 1369 645 1435 pro
671 1353 759 1416 tanto
782 1349 930 1415 beneficio
950 1348 1078 1415 factoris
1101 1357 1131 1415 et
1153 1351 1338 1416 redemtoris

138 1463 337 1546 rependeret:
360 1461 480 1544 Quid,
503 1461 612 1544 inquit,
628 1460 852 1526 retribuam
874 1461 1042 1526 Domino
1065 1480 1134 1545 pro
1159 1460 1338 1527 omnibus

137 1592 236 1659 quae
258 1572 449 1640 retribuit
470 1571 620 1656 mihil1)
655 1573 780 1640 Tribuit
804 1574 887 1639 enim
909 1572 987 1638 mihi
1009 1591 1059 1637 me
1080 1573 1183 1656 primo
1207 1574 1337 1639 creando

135 1689 167 1751 et
188 1687 373 1753 excellenter
395 1687 557 1753 formando
580 1691 612 1753 et
634 1705 706 1754 oum
727 1686 867 1771 perditus
882 1685 1015 1752 fuissem
1036 1683 1181 1750 retribuit
1202 1685 1234 1749 in
1256 1685 1338 1750 redi-

134 1799 247 1864 mendo
271 1801 304 1864 et
324 1797 531 1864 reformando.
575 1799 616 1864 lit
637 1816 709 1863 cum
730 1815 881 1882 magnum
917 1796 967 1875 sit,
1002 1796 1083 1879 quod
1105 1815 1155 1859 me
1177 1795 1335 1860 homiuem

132 1907 207 1976 iecit
239 1909 360 1976 ratione
391 1914 529 1978 utentem
550 1928 587 1977 ac
609 1929 702 1996 super
722 1910 838 1977 bestias
860 1909 1080 1990 dominantem,
1102 1908 1204 1992 majus
1227 1913 1333 1974 tamen

134 2023 191 2103 est,
214 2023 297 2106 quod
312 2041 368 2106 pro
383 2039 434 2088 me
447 2025 515 2108 ipse
528 2022 631 2088 factus
646 2022 750 2104 homo,
772 2025 809 2088 ut
829 2041 879 2088 me
900 2021 1004 2104 mihin)
1026 2022 1122 2089 immo
1145 2025 1179 2086 et
1200 2040 1233 2087 so
1255 2022 1333 2086 mihi

134 2135 285 2215 redderet,
308 2137 444 2201 mortem
465 2153 522 2219 pro
544 2151 595 2199 me
616 2132 721 2200 subire
743 2133 889 2219 dignatus
912 2137 968 2201 est.
1013 2134 1094 2217 Quid
1116 2149 1200 2217 ergo,
1223 2133 1334 2216 iuquit,

134 2244 309 2312 retribuam
331 2246 465 2311 Domino
487 2264 543 2330 pro
567 2265 612 2328 eo,
636 2247 718 2330 quod
739 2247 866 2332 primo
889 2265 940 2311 me
961 2246 1038 2312 mihi
1060 2245 1154 2324 dedit,
1189 2244 1334 2328 quodque

133 2361 313 2440 secundo,
337 2362 373 2425 ut
393 2375 444 2425 me
465 2360 635 2446 reciperem
658 2379 729 2427 cum
751 2359 890 2443 perditus
913 2358 1053 2437 fuissem,
1077 2377 1110 2422 se
1132 2357 1238 2441 ipsum
1253 2355 1331 2421 mihi

133 2473 164 2536 et
186 2488 245 2556 pro
267 2489 318 2536 me
340 2470 447 2537 dedit?
469 2473 550 2555 Quid
573 2472 656 2538 enirn
678 2491 735 2556 ego
758 2471 835 2536 mihi
857 2470 923 2536 sine
944 2469 1038 2554 ipso?
1082 2467 1166 2532 Nam
1188 2468 1262 2550 quid
1284 2471 1333 2533 est

131 2582 226 2648 homo
249 2583 390 2649 desertus
406 2599 425 2648 a
439 2583 506 2649 Deo
528 2585 589 2650 nisi
610 2582 807 2649 volutabrum
829 2582 986 2661 uitiorum,
1009 2579 1112 2646 socius
1135 2582 1228 2662 atque
1242 2577 1333 2644 habi-

132 2693 210 2762 tatio
234 2695 441 2761 daemonum?
475 2695 556 2779 Quid
577 2695 674 2780 igitur
695 2691 875 2773 retribuam,
908 2692 962 2773 ait,
996 2691 1131 2757 Domino
1153 2707 1210 2775 pro
1233 2688 1333 2754 omni-

130 2805 190 2874 bus
212 2823 292 2892 quae
313 2805 458 2875 retribuit
479 2805 582 2872 milri?
603 2807 794 2872 Futurorum
816 2823 950 2889 namque
972 2804 1124 2870 donorum
1139 2803 1228 2886 quasi
1243 2817 1332 2885 prae-

132 2919 297 2987 toritorum
318 2937 374 2985 seu
395 2919 607 3004 praesentium
640 2919 781 2984 conscius
803 2937 866 2983 non
887 2936 942 3001 pro
964 2936 997 2982 se
1020 2918 1122 2982 solum
1144 2914 1198 2979 sed
1220 2918 1251 2979 et
1272 2931 1330 2998 pro

131 3030 219 3098 nobis
242 3029 424 3115 augebatur,
462 3030 515 3112 qui
536 3049 592 3114 pro
615 3028 712 3095 tantis
745 3029 902 3098 beneficiis
937 3029 1066 3094 reddere
1088 3027 1218 3112 dignum
1255 3028 1330 3111 quid

130 3163 192 3210 non
213 3140 375 3208 babemus.
404 3141 527 3208 Invenit
547 3144 653 3216 tamen
674 3141 791 3225 aliquid
815 3159 875 3224 quo
897 3140 1062 3226 angustiae
1085 3159 1160 3206 suae
1182 3141 1330 3208 simulet

129 3260 255 3323 nostrae
276 3254 415 3340 inopiam
435 3254 679 3320 relevaret-cum
695 3252 786 3317 dixit:
810 3252 986 3320 Calicem
1009 3252 1204 3317 salutaris
1226 3251 1328 3316 acci·

129 3369 234 3456 piam
256 3370 294 3434 et
315 3383 454 3432 nomen
474 3364 637 3431 Domini
658 3364 855 3431 invocabo.
870 3362 896 3449 ³)
939 3363 1035 3447 Quasi
1057 3364 1158 3429 dicat:
1192 3361 1327 3430 Calicem

130 3478 275 3546 salutaris
297 3477 359 3545 mei
381 3476 542 3563 accipiam,
565 3478 693 3543 calicem
704 3476 870 3562 passionis,
895 3494 986 3559 quem
1008 3476 1074 3558 ipse
1095 3493 1151 3558 pro
1174 3492 1224 3538 me
1247 3472 1326 3538 bibit

129 3593 181 3660 sod
204 3593 236 3657 et
258 3590 387 3656 calicem
407 3588 566 3674 sanguinis
589 3589 647 3669 sui,
681 3607 773 3673 quem
794 3588 870 3653 mihi
891 3586 1060 3652 bibendum
1082 3585 1218 3665 tradidit,
1242 3583 1330 3650 acci*

128 3705 211 3789 piam
234 3702 320 3769 omni
350 3699 546 3788 acceptione*
567 3700 696 3785 dignum
714 3697 859 3784 judicabo
883 3701 915 3765 et
936 3701 1098 3782 tamquam
1120 3697 1255 3783 pretium
1277 3697 1327 3763 in-

127 3812 315 3880 aestimabili
347 3813 499 3878 charitate
530 3829 589 3896 pro
611 3830 662 3877 ma
684 3811 792 3877 datum
814 3829 936 3894 semper
966 3830 1024 3897 pro
1047 3830 1098 3876 me
1119 3810 1219 3877 leram
1243 3813 1326 3879 sicut

126 3925 178 3990 ille
189 3923 327 4006 Simeon,
350 3924 402 4009 qui
424 3923 576 4008 accipiens
599 3941 731 4006 puerum
752 3924 785 3988 in
806 3922 950 3988 manibus
972 3923 1090 4007 gratias
1113 3941 1208 4008 agens
1232 3923 1325 3990 bene-

128 4035 202 4101 dixit
223 4035 326 4101 Deum
349 4038 380 4101 et
401 4035 491 4103 dixit:
528 4034 639 4102 Nunc
663 4035 832 4103 dimittis
855 4037 1014 4102 Domine
1036 4055 1190 4102 seruum
1213 4040 1325 4102 tuum

127 4148 343 4214 secundum
364 4146 528 4236 verbum
555 4150 670 4213 tuum
690 4147 729 4212 in
750 4165 852 4231 pace,
877 4147 967 4232 quia
988 4146 1185 4214 viderunt
1209 4149 1323 4213 oculi

127 4259 197 4324 mei
219 4261 401 4325 salutare
422 4261 553 4340 tuum,
577 4260 683 4344 quod
704 4259 858 4344 parasti
879 4261 965 4324 aute
987 4257 1132 4325 faciem
1155 4260 1323 4325 omnium

229 4489 249 4561 1)
267 4491 310 4546 ns.
331 4491 393 4547 115.
412 4491 455 4546 12.
476 4521 509 4532 -
531 4491 552 4560 ι)
571 4493 626 4549 son.
646 4493 719 4546 nnn
742 4521 774 4531 -
795 4488 816 4560 ³)
835 4491 876 4545 rs.
897 4491 957 4546 115.
978 4490 1012 4545 13
