3172 5202
1195 377 1201 387 ’
1262 412 1323 477 usn

115 577 241 645 duobus
264 581 312 645 vel
334 577 436 645 tribus
459 576 569 645 diebm
590 578 783 667 interpositis
805 579 976 662 pristine1)
992 580 1032 644 ad
1054 597 1107 645 eos
1129 579 1255 646 redierit
1275 583 1324 647 in-

116 690 262 756 firmitas.
306 690 345 756 In
368 689 492 756 civitate
526 707 648 774 quoque
670 686 834 774 Herbipoli
870 691 1025 786 quendam
1048 690 1112 756 fieti
1125 691 1270 758 nominis
1292 695 1325 758 et

114 799 295 868 sanctitatis
311 800 539 892 Theodosioum
563 800 652 886 quasi
668 803 840 886 martyrem
855 800 1033 881 efferebant,
1057 821 1150 885 quom
1166 801 1326 888 lingebant

114 912 154 978 de
178 929 310 979 numero
333 912 474 998 ejusdem
490 911 641 979 exereitus
657 929 676 977 a
690 912 712 980 J
715 911 821 978 udeeis
843 913 926 978 olam
940 931 998 998 per
1011 911 1154 980 fraudem
1176 915 1324 997 occisum,

114 1024 156 1090 ad
179 1024 270 1110 eujus
293 1025 493 1110 sepulchrum
526 1022 636 1090 erebra
657 1025 747 1090 valde
768 1022 967 1106 fingebantur
989 1024 1149 1106 miracula,
1186 1027 1325 1093 sednon

114 1139 190 1221 post
211 1137 342 1222 longum
364 1155 420 1224 por
441 1134 582 1220 ejusdem
603 1133 808 1202 fabricatores
841 1133 993 1200 mendacii
1015 1139 1082 1202 lota
1104 1136 1188 1203 fiotio
1210 1155 1326 1224 propo·

114 1247 263 1329 induent,
298 1250 336 1314 ut
356 1248 474 1314 mirum
495 1265 558 1313 non
582 1247 634 1328 sit,
658 1246 686 1314 si
707 1246 827 1314 filius
849 1247 902 1314 ille
923 1247 1212 1339 perditionis¹)
1235 1248 1324 1333 enjus

115 1359 168 1424 est
187 1359 341 1426 adventus
376 1358 549 1425 seeundum
582 1358 794 1443 operationem
817 1359 950 1430 Satanae
982 1364 1013 1430 in
1048 1363 1133 1430 omni
1155 1363 1271 1430 virtme
1294 1366 1325 1428 et

114 1469 215 1555 signis
237 1488 276 1537 ao
297 1466 449 1555 prodigiis
485 1469 687 1539 mendacibus
721 1471 804 1539 inter
824 1471 900 1540 haee
915 1473 940 1559 ⁸)
973 1477 1140 1542 adventare
1162 1476 1210 1542 vel
1231 1473 1326 1541 adue·

114 1579 200 1648 nisse
220 1584 364 1668 putetur.

568 1894 679 1964 Gap.
699 1892 884 1951 Lxxx.

115 2012 382 2086 Pmeoursonium
410 2015 540 2106 signum
567 2017 654 2086 tanti
680 2019 923 2090 metusmetus
944 2017 1087 2089 turbinis
1109 2018 1266 2089 moninus
1289 2019 1323 2087 et

643 2130 806 2200 insolitus.

215 2317 311 2386 Hunc
333 2334 407 2384 sano
429 2319 552 2384 motum
585 2318 756 2384 maximum
792 2318 873 2384 alius
898 2318 1024 2403 quidem
1045 2321 1151 2385 motus
1174 2316 1322 2386 terribilis

116 2427 204 2496 valdo
223 2427 363 2513 itemque
384 2420 539 2496 maximus
560 2428 593 2495 in
615 2427 682 2514 ejus
705 2429 831 2514 signum
851 2431 1073 2515 praesenserat.
1097 2427 1209 2496 Subito
1232 2445 1321 2494 nom-

116 2557 175 2623 que
197 2542 310 2606 ventus
344 2539 471 2625 quidam
509 2539 645 2608 turbinis
668 2541 969 2621 vehementissimus,
1003 2541 1129 2624 qualem
1149 2557 1323 2622 numquam

115 2653 187 2716 onte
209 2668 268 2717 noo
290 2651 392 2718 relatu
411 2670 470 2718 neo
492 2652 678 2737 experientis
698 2652 858 2734 nouimus,
891 2669 911 2717 a
943 2652 1046 2736 regnis
1069 2650 1245 2718 Occidentis
1267 2650 1323 2715 od·

117 2760 243 2828 ueniens
265 2777 303 2829 uo
325 2761 390 2829 iere
413 2764 483 2830 ooto
505 2762 655 2830 horarum
677 2763 777 2849 spatio
793 2763 909 2829 durans
924 2761 1054 2828 eandem
1069 2761 1147 2830 ooeli
1161 2760 1321 2846 regionem

116 2873 307 2958 pertransiit,
340 2890 438 2958 quam
460 2876 492 2941 ot
512 2873 716 2960 postmodum
745 2872 915 2940 exereitum
937 2873 1143 2958 pertransisse
1164 2871 1323 2958 perspexi·

117 3001 197 3052 mus.
218 2981 323 3069 Hujus
346 2985 431 3052 venti
453 2987 542 3054 tanta
563 2988 631 3052 enat
652 2983 847 3053 vehementia
862 2986 894 3051 et
908 2982 1054 3069 impetus,
1077 2988 1115 3050 ut
1136 2965 1246 3050 domos
1268 2983 1324 3050 fir·

118 3095 278 3162 missimas
299 3112 478 3181 annosaque
501 3094 615 3164 robora
637 3097 790 3165 everteret
803 3097 827 3178 4)
849 3113 906 3161 neo
927 3098 1011 3162 esset
1033 3096 1119 3162 vicus
1142 3098 1197 3161 out
1212 3093 1322 3161 civitas

118 3207 150 3274 in
171 3224 234 3294 qua
256 3223 320 3272 non
340 3209 473 3300 moenio¹
484 3206 657 3275 fortissima
675 3208 832 3289 diruisset,
855 3226 918 3273 non
932 3206 1044 3273 domus
1061 3223 1139 3291 quae
1153 3205 1323 3272 laesionem

118 3317 183 3404 ejus
206 3322 352 3388 evaderet
372 3320 455 3388 siout
476 3321 630 3407 seriptum
653 3323 718 3388 ost:
748 3324 1007 3404 terroresque
1027 3318 1072 3384 do
1094 3319 1265 3402 ooelo‚⁶)
1286 3321 1324 3384 ut

116 3432 224 3518 palam
243 3433 286 3500 sit
307 3435 484 3519 rospeotum
505 3432 570 3498 irae
593 3431 724 3518 desuper
746 3433 829 3500 siout
850 3432 882 3497 iu
903 3429 993 3516 siguo
1016 3427 1207 3495 vehementis
1227 3430 1322 3510 vend,

117 3542 162 3609 ita
182 3547 216 3611 ot
237 3545 271 3610 iu
292 3546 502 3612 terraemotu
524 3543 751 3625 infructuosae,
773 3543 871 3610 immo
894 3544 926 3608 et
946 3540 1146 3626 pemitiosoe‚
1159 3538 1244 3606 illius
1269 3559 1322 3607 ex·

119 3655 284 3738 peditionis
301 3655 449 3723 extitisse.
471 3688 515 3704 —-
537 3651 599 3721 Sed
620 3671 683 3719 non
704 3654 774 3719 ideo
792 3651 1032 3738 lerosolymitae
1053 3654 1160 3718 motus
1182 3648 1323 3735 ejusdem

119 3769 263 3833 auctores
296 3769 383 3833 extra
414 3766 539 3849 eulpam
572 3766 655 3846 sunt,
690 3764 773 3849 quod
806 3763 906 3830 nostri
939 3762 1014 3829 talia
1048 3761 1112 3847 pati
1145 3761 1323 3828 meruerint.

119 3875 191 3944 Alia
214 3896 339 3964 qnoque
360 3876 450 3964 signa
472 3873 624 3943 terribilia
638 3875 677 3943 de
692 3877 779 3945 eoelo
795 3875 971 3943 monstrata
986 3875 1069 3955 suot,
1093 3875 1215 3942 somata
1239 3872 1324 3940 vido·

123 4021 370 4032 ——n-n———n

223 4092 241 4162 ¹)
260 4093 316 4148 eod.
335 4094 465 4162 pristinas.

220 4193 241 4258 ²)
261 4192 297 4246 IL
316 4191 396 4247 Thes.
413 4192 439 4246 2.
460 4191 485 4246 3.

220 4288 242 4358 ⁸)
260 4291 317 4345 ood.
336 4291 378 4343 he.

219 4386 242 4456 ⁴)
260 4391 412 4444 everterent.

222 4484 242 4555 4”)
260 4488 322 4544 Luo.
342 4486 387 4545 ni.
407 4485 451 4542 11.
