3172 5202
1289 374 1349 444 101

145 553 193 616 ast
214 552 247 616 et
270 565 349 635 qnae
367 548 400 614 in
422 566 458 614 eo
481 547 691 614 offerebantur
711 546 834 614 hostiae
848 567 910 616 non
925 547 1125 634 reprobatae:
1147 548 1194 616 ita
1215 553 1247 616 et
1268 565 1351 616 nunc

143 678 199 744 par
220 659 340 728 Christi
369 661 403 725 et
426 657 573 726 acclesiae
606 658 805 726 tolerantiam
838 659 1048 728 admittuntur
1069 661 1109 726 ad
1131 661 1240 727 altaris
1262 660 1352 728 mini·

145 770 277 836 starium
310 770 405 838 etiam
433 769 476 850 hi,
500 770 554 854 qui
576 770 655 836 citra
688 771 898 854 evangelicam
930 771 1151 856 perfectionem
1174 773 1351 857 sugerunt,

144 880 289 947 videlicet
320 879 447 966 propria
480 881 649 948 retinentes
680 881 808 966 insuper
840 900 913 948 rero
948 883 1054 968 cupidi
1083 887 1115 950 et
1136 882 1223 948 arari
1254 900 1291 949 ac
1313 882 1351 949 de

142 991 335 1058 haereditate
355 991 499 1076 pauperis
513 991 630 1060 Christi
651 991 775 1058 divitias
798 996 1022 1079 congregantes
1043 993 1207 1079 magisque
1228 992 1349 1079 inipso

140 1103 327 1183 ministerio,
351 1120 429 1188 quaa
445 1121 504 1169 sua
525 1106 613 1183 sunt,
637 1120 732 1186 quam
752 1120 829 1186 quae
851 1099 929 1170 Jesu
953 1103 1079 1185 Christi,
1102 1108 1295 1188 quaerentes,
1319 1106 1351 1171 ot

138 1233 194 1299 per
216 1215 296 1280 tales
329 1213 548 1280 administrata
569 1212 771 1281 Sacramenta
806 1213 954 1279 virtutem
989 1233 1079 1282 suam
1113 1215 1252 1282 obtinere
1285 1233 1349 1282 non

137 1343 302 1410 negamus,
335 1325 468 1392 mamma
491 1324 519 1391 si
539 1325 572 1390 in
590 1325 712 1391 haeresi
744 1327 1012 1392 excommunicata
1045 1330 1101 1392 aut
1121 1326 1155 1392 in
1177 1326 1347 1392 schismate

137 1455 201 1502 non
223 1439 299 1503 sunt
321 1435 370 1502 val
390 1434 453 1521 ipsi
467 1453 523 1520 pro
539 1434 605 1500 suis
622 1433 791 1500 sceleribus
807 1435 833 1523 1)
855 1434 1114 1502 excommunicati
1136 1439 1229 1520 atquo
1250 1434 1348 1500 inter·

137 1547 214 1614 dicti
236 1550 433 1614 sacramenta
466 1545 570 1611 diuina
603 1544 758 1612 celebrare
789 1566 851 1614 non
873 1549 1079 1632 praesumunt
1100 1545 1239 1630 alioquin
1260 1548 1346 1611 extra

138 1657 327 1724 catholicam
349 1658 513 1725 ecclesiam
537 1657 602 1722 veri
616 1656 760 1724 sacrificii
774 1659 861 1724 locus
877 1678 938 1725 non
954 1663 1002 1726 cst
1013 1662 1045 1726 et
1059 1657 1195 1743 Spiritus
1218 1659 1345 1724 sanctus

136 1768 321 1853 disciplinae
341 1768 441 1856 fugiet
461 1768 571 1834 fictum
592 1770 625 1834 et
645 1769 815 1854 sacrilegis,
836 1789 875 1836 no
897 1771 998 1836 dicam
1020 1768 1171 1849 idolatris,
1194 1766 1341 1834 manibus

136 1879 283 1946 videlicet
304 1882 413 1946 contra
433 1879 635 1946 interdictum
657 1879 904 1949 sacrificantibus
926 1882 1064 1968 Spiritus
1086 1884 1214 1948 sanctus
1233 1898 1346 1964 coope-

136 1994 222 2058 rator
259 2009 322 2056 non
360 1991 439 2072 erit,
478 1989 626 2077 quoniam
666 1996 879 2074 peccatum
922 1993 1128 2060 ariolandi
1173 1994 1236 2059 eet
1268 2009 1343 2058 non

136 2100 305 2170 obedire
328 2104 366 2168 ot
382 2104 494 2187 quasi
509 2101 646 2170 scelus
661 2102 886 2171 idolatriae
907 2105 1016 2171 nolle
1037 2103 1342 2191 acquiesceres)

134 2213 215 2278 Item
252 2213 292 2277 ad
325 2211 448 2280 brevius
470 2214 548 2281 hlud
570 2216 725 2301 templum
762 2217 917 2302 pertinere
949 2221 1080 2301 putatur
1113 2215 1265 2284 celsitudo
1287 2216 1342 2281 illa

134 2324 306 2390 saecularis
338 2343 471 2410 pompae
491 2345 529 2394 ac
550 2328 704 2414 regalium
736 2347 808 2394 cum
841 2327 1059 2395 ecclesiasticis
1092 2326 1269 2411 conjunctio
1293 2327 1344 2392 val

132 2435 311 2520 permixtio,
334 2438 471 2504 maxime
492 2436 546 2504 ubi
567 2458 625 2523 per
646 2438 823 2506 sacerdotes
844 2437 1046 2505 laudabiliter
1065 2439 1115 2504 rel
1136 2435 1341 2504 tolerabiliter

132 2549 258 2612 utentes
280 2545 314 2612 in
337 2547 522 2635 obsequium
544 2549 707 2635 Evangelii
738 2551 933 2636 rediguntur,
965 2551 1011 2616 ita
1033 2551 1069 2616 ut
1090 2547 1246 2634 pastorale
1269 2545 1342 2612 offi-

132 2657 218 2724 cium
240 2658 430 2726 comitentur
462 2659 511 2726 rat
533 2658 764 2744 subsequantur
796 2679 858 2727 non
881 2661 977 2727 otiam
996 2659 1185 2744 praecedant
1205 2676 1263 2725 noc
1284 2657 1340 2724 ob-

131 2771 226 2836 ruant
248 2771 298 2838 rel
320 2770 511 2856 extinguant,
535 2769 708 2855 dequibus
731 2772 765 2837 ct
786 2770 929 2856 superius
953 2773 1124 2837 tractatum
1146 2772 1204 2837 ast.

645 3085 757 3153 Gap.
775 3083 830 3140 L.

129 3201 222 3279 Quod
244 3204 281 3274 in
302 3206 439 3296 utroque
469 3207 589 3297 templo
618 3209 641 3277 i.
663 3227 693 3277 e.
715 3227 781 3277 non
803 3209 906 3279 solum
927 3209 964 3278 iu
986 3209 1137 3279 breviore
1158 3205 1218 3276 scd
1239 3207 1338 3276 etiarn

127 3315 165 3384 in
188 3315 308 3387 altiore
330 3319 526 3390 abominatio
548 3321 759 3392 desolationis
781 3322 913 3391 steterit
933 3321 1153 3393 materialiter·
1175 3322 1209 3391 et
1230 3320 1280 3390 sic
1300 3320 1337 3388 in

545 3433 684 3501 ecclesia
705 3432 934 3524 spiritualiter.

231 3618 354 3685 Horum
377 3637 451 3686 sane
474 3622 614 3689 omnium
633 3624 774 3707 tempora
796 3620 995 3690 correctionis
1010 3622 1093 3689 sicut
1107 3619 1237 3687 extremi
1260 3637 1333 3705 quo-

127 3748 192 3816 qne
207 3728 321 3815 judicii
342 3730 424 3797 diem
446 3736 590 3800 nostrum
608 3733 688 3801 scire
709 3752 772 3801 non
794 3737 851 3814 est,
885 3751 963 3819 quaa
984 3735 1075 3820 pater
1095 3732 1202 3818 posuit
1223 3730 1256 3798 in
1278 3749 1335 3798 sua

126 3843 299 3928 potestate.
321 3840 473 3911 Veniente
495 3848 601 3912 tamm
623 3846 718 3911 etiam
734 3844 874 3910 omnium
895 3844 1009 3910 horum
1030 3842 1230 3911 correctionis
1252 3845 1334 3909 tem·

125 3971 205 4040 pore
221 3953 244 4035 ⁸)
277 3954 390 4023 saltem
412 3958 488 4024 tunc
511 3958 632 4042 quando
674 3955 787 4022 lilius
810 3955 988 4024 hominis
1010 3957 1149 4024 mittet
1170 3957 1333 4041 angelos

235 4169 254 4239 ¹)
273 4171 331 4226 cod.
351 4171 489 4226 celartbus.

232 4265 252 4336 ²)
270 4265 294 4324 1.
313 4284 368 4335 rag.
389 4269 433 4324 15:
451 4267 496 4324 23.
522 4269 556 4323 cl.
583 4284 662 4336 supra
685 4285 740 4336 cap.
761 4270 785 4324 3.
807 4269 841 4324 16
867 4274 892 4323 et
911 4270 962 4322 Per
982 4269 1047 4324 thes,
1066 4275 1125 4325 tom.
1147 4268 1179 4324 V.
1200 4269 1248 4322 col.
1267 4265 1332 4322 447.

272 4365 334 4422 449.
354 4366 500 4422 ane-518
520 4372 545 4420 ot
564 4371 674 4436 saepius.

231 4465 252 4530 ⁸)
272 4470 386 4533 tempora
405 4465 461 4522 cod.
