3172 5202
713 738 823 808 Gap.
840 735 1004 796 LXIV.

621 863 823 953 Expurgatio
844 861 960 932 Leonis
981 859 1096 949 Papae.

361 1053 444 1120 Sane
465 1049 632 1120 Marcellus
667 1068 749 1138 papa
771 1051 918 1134 quoniam
939 1047 1140 1116 sacufiosndo
1162 1047 1252 1113 idolis
1273 1046 1454 1131 pocoarcrat

262 1167 296 1234 iu
317 1164 438 1234 coslum
460 1145 695 1231 sacramento
717 1163 888 1243 ecelesiam,
911 1179 989 1246 quae
1002 1160 1150 1226 nimirum
1164 1161 1285 1226 coelum
1306 1177 1342 1226 ao
1365 1159 1453 1226 sedes

262 1278 321 1346 Dei
342 1280 399 1358 est,
422 1275 541 1342 dictum
563 1277 612 1342 est
632 1274 661 1340 ei
681 1271 722 1340 ab
744 1273 853 1341 eodem
874 1273 959 1340 coelo
981 1272 1002 1339 i.
1025 1291 1051 1338 c.
1074 1273 1253 1338 sanctorum
1274 1271 1401 1353 patrum
1421 1268 1454 1334 in

262 1388 339 1458 urba
360 1391 394 1456 et
412 1387 453 1453 ad
473 1383 583 1453 urbem
614 1404 708 1470 super
728 1385 788 1451 hoc
808 1385 876 1469 ipso
899 1385 1100 1450 collectorum
1131 1382 1270 1448 unanimi
1303 1381 1453 1448 concilio:

262 1502 312 1568 Tu
335 1500 388 1586 qui
408 1515 551 1566 summus
572 1495 715 1563 Pontifex
736 1515 769 1562 cs
791 1512 810 1560 a
832 1495 954 1562 nemine
975 1492 1068 1561 debes
1088 1493 1233 1578 judicari.
1277 1491 1325 1558 Tu
1343 1493 1456 1578 collige

263 1627 391 1679 caumm
422 1612 510 1675 tuam
541 1607 575 1673 in
596 1608 666 1674 sinu
687 1616 753 1691 tuo,
786 1609 1001 1674 verumtamen
1032 1605 1244 1691 praesentibus
1266 1605 1326 1670 hoc
1348 1603 1457 1670 facias.

168 1751 172 1762 ¹
264 1723 304 1790 111
325 1722 393 1807 ipss
414 1739 486 1786 oum
506 1721 671 1804 peccatum
693 1737 803 1800 suum,
823 1739 916 1803 super
938 1737 999 1803 quo
1021 1717 1189 1784 infamatus
1212 1719 1288 1797 erat,
1311 1732 1458 1782 excusare

263 1852 326 1900 non
346 1831 501 1916 potuisset
523 1849 628 1896 coram
650 1829 787 1911 ccclesia,
811 1849 888 1914 quae
910 1849 1004 1916 super
1025 1831 1132 1895 codem
1155 1814 1334 1894 exacerbata
1344 1825 1457 1904 fuerat,

264 1943 298 2010 iu
318 1945 418 2009 semet
439 1942 639 2025 depositionis
662 1945 757 2026 atquo
779 1941 1105 2009 excommunicationis
1128 1939 1311 2007 sententiam
1329 1938 1459 2005 dictauit

265 2054 346 2121 uude
368 2056 400 2120 et
417 2052 661 2118 misericordiam
692 2053 798 2121 aDeo
819 2057 1004 2121 consecutus
1026 2054 1063 2119 de
1081 2055 1223 2138 catalogo
1247 2052 1459 2118 Romanorum

266 2163 455 2231 Pontificum
476 2163 596 2229 deletus
617 2183 679 2230 non
702 2168 766 2245 ost,
790 2166 843 2231 sed
868 2165 1015 2250 quoniam
1036 2183 1094 2250 pro
1116 2163 1177 2229 fide
1199 2162 1350 2229 catholica
1371 2164 1461 2246 post·

267 2275 395 2341 medum
426 2271 546 2340 illustre
580 2275 764 2358 martyrium
797 2275 885 2342 duxit
902 2275 998 2343 etiam
1019 2275 1052 2340 iu
1074 2277 1254 2340 sanctorum
1286 2275 1460 2356 martyrum

266 2388 357 2454 coetu
378 2385 470 2470 digus
498 2389 738 2454 connumeratus
759 2389 818 2452 est.

365 2493 431 2564 Leo
454 2515 575 2582 quoque
596 2495 711 2581 injusto
732 2495 911 2577 infamatus,
934 2515 973 2563 ne
995 2515 1088 2580 super
1110 2515 1146 2562 eo
1170 2496 1351 2564 scandalum
1373 2497 1460 2580 pate·
1572 2535 1573 2577 p

267 2610 353 2675 retur
373 2607 505 2676 ecclesia
525 2608 594 2690 Dei,
631 2607 682 2674 cui
703 2611 864 2692 tamquam
886 2607 1030 2674 rationali
1051 2608 1137 2673 coelo
1159 2606 1292 2675 debebat
1314 2607 1460 2672 innocen·

265 2718 353 2800 tiam,
374 2718 495 2803 publice
508 2736 675 2786 conscenso
689 2717 821 2785 ambone
842 2735 946 2784 coram
967 2738 1040 2804 rege
1054 2737 1090 2785 ac
1104 2716 1293 2802 principibus
1309 2719 1458 2802 omniqua

267 2829 440 2915 frequentia
461 2830 569 2916 popuii
590 2848 662 2898 cum
684 2829 846 2896 duodecim
867 2829 1144 2914 adstipulatoribus
1168 2828 1320 2915 episcopis
1343 2828 1461 2894 famam

268 2959 358 3007 suam
391 2941 564 3026 iuramento
596 2941 783 3026 purgauit.¹)
826 2940 922 3026 Cujus
945 2945 1083 3008 tenorem
1101 2940 1271 3025 juramenti
1303 2940 1336 3006 in
1368 2939 1461 3024 hujus
1571 2953 1572 2970 ¹

270 3067 381 3118 causas
402 3050 555 3118 consimili
576 3050 701 3136 nogotio
724 3052 877 3137 praesenti
909 3052 977 3117 loco
999 3070 1061 3117 non
1083 3052 1187 3138 piguit
1206 3053 1349 3119 inserere.
1377 3053 1463 3130 „Au-

274 3160 392 3240 „ditum
414 3164 471 3242 cst,
504 3161 557 3243 ait,
595 3160 706 3229 fratres
739 3161 892 3229 carissimi
915 3165 946 3227 et
968 3162 1162 3248 divulgatum
1195 3165 1243 3229 cst
1274 3184 1331 3250 per
1363 3165 1463 3230 multa

274 3273 368 3353 „loca
391 3272 524 3357 qualitor
545 3271 685 3339 hominos
707 3275 781 3340 mali
813 3275 979 3340 aduersum
1001 3292 1051 3338 me
1073 3273 1303 3341 insurrexerunt
1324 3279 1355 3343 et
1377 3275 1464 3342 debi-

274 3385 383 3464 „litare
405 3384 568 3449 voluerunt
590 3387 621 3449 et
641 3384 794 3451 miserunt
815 3404 907 3469 super
941 3404 991 3451 me
1014 3387 1121 3468 gravia
1153 3386 1291 3454 crimina.
1333 3388 1465 3473 Propter
1570 3471 1571 3478 ἵ

275 3514 386 3581 „quarn
409 3512 535 3562 causam
567 3495 627 3562 iste
649 3495 909 3562 clementissimus
937 3515 973 3562 ac
995 3497 1210 3562 serenissimus
1232 3498 1376 3564 Domnus
1398 3499 1464 3566 Ka·
1570 3483 1571 3564 1

276 3609 378 3687 „nolus
397 3626 458 3674 una
480 3626 551 3672 cum
573 3605 785 3674 sacerdotibus
807 3610 839 3671 et
861 3606 1063 3691 optimatibus
1095 3610 1161 3673 suis
1194 3607 1288 3674 istam
1325 3610 1465 3693 pervenit

277 3719 333 3796 „ad
355 3716 473 3782 urbem.
497 3718 598 3800 Quem
620 3717 661 3783 ob
682 3736 823 3802 remago
847 3719 908 3783 Leo
930 3718 1068 3803 pontifex
1090 3738 1115 3784 s.
1128 3719 1286 3785 Romanae
1308 3721 1464 3801 ecelesiae,

277 3847 314 3907 „a
335 3827 456 3893 nemine
472 3827 630 3910 judicatus
663 3847 761 3912 nequo
782 3832 907 3894 coactus
937 3831 991 3895 sed
1013 3833 1182 3912 spontanea
1202 3848 1272 3896 mea
1293 3831 1462 3912 uoluntate,

278 3937 425 4026 „purifico
446 3958 497 4003 me
517 3938 550 4003 in
572 3942 737 4023 conspectu
770 3944 873 4005 vestro
894 3958 998 4006 coram
1021 3942 1087 4007 Deo
1111 3944 1142 4006 et
1163 3940 1281 4026 angelis
1303 3940 1379 4025 ejus
1414 3943 1466 4028 qui

279 4050 515 4129 „conscientiam
537 4069 639 4117 meam
661 4053 756 4132 novit,
790 4055 823 4118 ot
843 4051 934 4118 beato
958 4051 1051 4117 Petro
1073 4051 1210 4136 principe
1241 4055 1464 4135 apostolorum,
1569 4051 1570 4080 ¹

281 4163 330 4240 „in
352 4158 440 4242 cujus
462 4166 628 4244 conspectu
660 4163 869 4245 consistimus,
902 4164 973 4248 quia
1004 4163 1082 4230 istas
1111 4161 1294 4231 criminosas
1317 4166 1348 4229 et
1371 4165 1468 4230 secle-

278 4322 525 4338 -η-ιι--ι-ι

380 4392 399 4462 ¹)
419 4391 460 4448 Of.
481 4390 572 4448 Chron.
592 4394 740 4462 Rsichersp.
759 4395 794 4448 ad
812 4408 837 4451 s.
856 4395 918 4452 800.
937 4395 978 4450 ed.
992 4393 1108 4450 Gcwolri.
1127 4395 1259 4448 Monachii
1278 4393 1349 4451 1611
1368 4411 1393 4464 p.
1414 4393 1466 4452 na

421 4492 534 4558 Grotscri
552 4488 600 4562 Op.
622 4493 693 4546 Turn.
711 4492 758 4546 VI.
777 4491 841 4549 408.
