3172 5202
1276 411 1336 480 171

136 603 197 671 per
232 580 425 650 Guibsrtnm
447 581 480 646 et
500 577 705 648 dulbertiuos
738 579 858 647 factum
892 582 993 648 estin
1015 580 1101 665 urbe,
1138 588 1259 668 praeter
1292 604 1344 652 eas

139 695 247 762 clades
267 710 344 778 quas
368 689 552 759 electoribus
573 693 606 756 et
627 691 733 758 electis
756 692 928 760 intulerunt
948 695 981 759 in
1004 692 1079 759 urbe
1101 713 1158 761 sno
1182 697 1347 764 dumtaxat

138 805 273 892 imperio
296 802 447 890 subjecto.
471 803 532 872 Pro
556 820 626 886 qna,
646 804 799 888 inquiunt,
834 822 927 872 cansa
962 807 1116 893 compulsi
1150 824 1259 873 snmus
1281 806 1346 872 Ro-

138 935 308 985 manorum
329 932 493 1002 procerum
515 915 569 980 sed
591 917 623 981 et
643 916 748 999 populi
763 915 896 982 Romani
919 916 1060 1002 flagitare
1082 918 1241 999 auxilinm,
1266 936 1343 1004 qua·

136 1035 235 1098 tenus
267 1032 381 1097 eleetos
414 1044 487 1093 snos
510 1025 666 1092 antistites
689 1029 796 1092 contra
828 1029 1004 1110 tyrannicas
1026 1030 1252 1114 imperatorum
1278 1030 1346 1096 rio·

136 1141 255 1209 lentias
278 1140 492 1220 defenderent,
524 1140 606 1205 sient
627 1137 738 1204 beatus
762 1157 885 1224 quoque
908 1139 1094 1207 Ambrosius
1117 1147 1225 1207 contra
1246 1141 1346 1226 impe·

138 1253 265 1320 ratricis
287 1252 441 1330 destinae,
464 1249 674 1317 Valentiniani
697 1251 778 1335 regis
801 1253 888 1334 pueri
910 1255 1021 1320 matris
1040 1251 1064 1340 ¹)
1086 1256 1206 1320 atroces
1229 1254 1346 1318 violen-

138 1366 205 1431 tias
228 1381 246 1429 a
268 1363 386 1431 ciuibus
410 1360 693 1430 Mediolanensibus
727 1361 871 1429 defensus
904 1365 1027 1450 legitur,
1065 1365 1175 1432 ovibus
1197 1365 1345 1432 nimirum

137 1494 200 1560 pro
222 1493 278 1542 sno
300 1481 428 1561 pastore
451 1476 530 1542 mori
551 1475 681 1560 puratis.
724 1475 807 1540 Hinc
833 1479 891 1557 est,
915 1477 1013 1560 ajunt,
1037 1478 1113 1545 haec
1136 1495 1267 1563 expensa
1289 1496 1344 1561 pe·

138 1589 262 1669 cuniae,
292 1606 386 1673 quam
418 1607 499 1654 nnnc
522 1607 558 1653 ex
580 1591 727 1652 consueto
750 1590 882 1671 populus
916 1587 977 1655 sibi
1000 1590 1159 1655 Romanus
1183 1588 1223 1654 ab
1247 1591 1344 1655 electo

140 1702 321 1787 expostulat
342 1700 490 1765 antistite.
514 1699 623 1783 Neque
645 1698 728 1763 enim
751 1699 841 1764 aliter
862 1701 902 1765 ad
916 1698 995 1766 hauc
1011 1719 1140 1765 suorum
1155 1699 1346 1766 Pontificum

140 1813 357 1880 defensionem
386 1811 498 1878 adduci
520 1813 689 1898 potnerunt
709 1811 770 1876 nisi
798 1811 867 1876 loco
890 1808 1111 1877 beneficiorum
1132 1810 1281 1896 pecunias
1304 1809 1345 1876 ab

140 1925 189 1991 eis
212 1925 395 2009 acciperent,
429 1940 486 2008 pro
521 1943 654 2006 quorum
688 1923 830 1990 uidelicet
865 1923 1042 1989 defensione
1075 1942 1228 1990 unacum
1252 1923 1345 1989 rebus

141 2038 265 2103 animas
282 2053 403 2121 qnoque
424 2053 575 2120 exponere
595 2037 740 2121 periculis
761 2038 927 2120 oporteret.
957 2035 1068 2120 Sisque
1089 2036 1208 2103 factum
1230 2039 1287 2116 est,
1310 2039 1346 2100 ut

137 2150 284 2234 jurantes
317 2147 499 2213 fidelitatem
535 2164 572 2212 ac
605 2147 815 2214 defensionem
847 2147 987 2214 Romano
1021 2147 1164 2214 Pontifici
1197 2148 1345 2233 pecunias

142 2259 308 2344 accipiant,
333 2262 485 2344 qnatenus
508 2277 543 2324 ex
564 2257 684 2324 duabus
707 2260 808 2339 rebus,
843 2258 985 2325 videlieet
1003 2259 1126 2343 juratae
1148 2258 1345 2345 fidelitatisli

144 2375 178 2439 et
200 2373 397 2455 acceptarum
418 2369 620 2456 pecuniarum
637 2369 752 2450 debito,
776 2371 864 2454 qnasi
888 2388 923 2435 eu
944 2371 1063 2435 ratione
1086 2370 1151 2436 dati
1173 2374 1205 2437 et
1226 2373 1346 2458 accepti

144 2484 191 2549 eis
214 2481 402 2568 obligatior
425 2483 523 2548 altero
545 2479 678 2546 debeant
700 2500 736 2546 eu
758 2482 855 2546 altero
880 2480 1002 2564 possint
1021 2479 1161 2564 ipsorum
1176 2479 1346 2547 defensioni

143 2613 208 2661 non
229 2594 346 2662 deesse.
389 2593 430 2659 llt
451 2592 662 2659 Romanorum
693 2591 817 2675 quidem
839 2589 1027 2656 Pontificum
1059 2607 1114 2654 sen
1136 2589 1345 2658 cardinalium

139 2725 236 2793 super
259 2705 398 2790 expensis
420 2705 621 2790 pecuniarum
643 2701 780 2768 defensio
803 2702 880 2767 haec
902 2704 960 2767 est.

244 2815 305 2884 Sed
328 2834 441 2901 quaeso
463 2833 519 2880 uos
542 2833 559 2879 o
582 2813 715 2880 Romani
737 2813 821 2897 qnod
835 2829 985 2896 nmquam
999 2812 1244 2879 emolumentum
1255 2815 1343 2879 taum

141 2928 306 2997 molimine
339 2929 470 3014 dignum
501 2946 557 3014 per
586 2926 711 2992 easdem
742 2923 965 2990 abominabiles
1001 2942 1153 3010 expensas
1187 2927 1346 2992 consecuti

140 3042 246 3110 estis?
278 3040 361 3124 Quin
382 3039 486 3125 potius
511 3039 607 3104 semel
628 3037 758 3104 inescati
780 3035 920 3120 pecuniis
954 3035 1154 3102 ecclesiarum
1176 3036 1258 3103 ciues
1279 3036 1347 3102 Ro-

140 3153 227 3219 mani
248 3169 379 3235 semper,
418 3153 454 3216 ut
476 3165 571 3234 supra
592 3166 716 3233 qnoque
738 3166 848 3214 snmus
872 3147 983 3231 questi,
1006 3147 1234 3232 inquietudines
1257 3147 1345 3215 uobis

141 3263 328 3350 quaeritant,
367 3279 499 3346 quarum
523 3251 685 3329 occasione
708 3281 829 3347 semper
865 3263 966 3348 magis
989 3281 1025 3330 ae
1047 3263 1149 3347 magis
1182 3262 1345 3347 accipient.

139 3374 378 3442 Abomiuabiles
409 3391 484 3439 sane
505 3373 562 3440 has
585 3391 733 3458 expensus
756 3373 885 3440 dmerim
917 3393 972 3458 pro
996 3371 1107 3459 quibus
1130 3373 1345 3458 conquirendis

143 3487 294 3554 ecelesiae
315 3486 374 3554 Dei
397 3490 555 3566 vexantur,
579 3485 769 3571 aporiantur,
792 3485 1064 3566 dismembrentur,
1086 3503 1143 3551 noe
1165 3487 1270 3550 brnen
1291 3504 1346 3569 per

139 3618 195 3668 eas
217 3617 277 3684 pax
297 3597 386 3667 uobis
407 3600 554 3684 pecunias
577 3597 806 3666 effundentibus
829 3597 1032 3682 conquiritur,
1055 3595 1208 3680 siquidem
1223 3612 1242 3659 a
1256 3592 1344 3660 vobis

138 3709 361 3795 accipientium
383 3711 513 3778 arantis
534 3728 597 3776 non
618 3710 774 3794 impletur.
799 3709 935 3776 Mentior
958 3708 985 3774 si
1006 3725 1104 3791 nuper
1126 3705 1185 3772 sub
1208 3706 1344 3772 Adriano

139 3837 226 3909 papa
246 3820 377 3888 ecclesia
393 3820 651 3908 jerosolymitana
673 3842 729 3910 pro
746 3822 921 3907 acceptione
944 3839 1109 3886 munerum
1131 3817 1344 3884 demembrato

138 3950 207 4000 non
229 3936 286 3998 est.
330 3931 431 4000 Taceo
454 3934 538 4000 enim
559 3934 703 4002 eeclesias
736 3934 819 4001 idem
848 3949 956 4017 passas
991 3948 1068 4016 quas
1102 3946 1345 3996 commemorare

136 4045 274 4130 longum
295 4046 389 4112 esset.
411 4043 517 4112 Unum
539 4046 607 4128 hoc,
642 4046 788 4132 quoniam
810 4062 917 4110 reeens
940 4046 1003 4122 est,
1028 4040 1150 4108 edentis
1171 4059 1235 4106 nou
1255 4057 1344 4123 prae-

138 4153 254 4222 taribo.

247 4400 266 4467 ¹)
286 4399 345 4454 cod.
364 4402 454 4452 matre.

246 4493 267 4566 ²)
286 4497 342 4552 cod.
362 4495 507 4550 fidelitates.
