3168 5190
1264 417 1327 483 269

124 580 227 667 Cujus
250 582 334 648 enim
353 586 485 666 utraque
507 582 683 649 substantia
698 583 854 650 Dominus
870 585 892 652 J
894 604 964 651 esus
981 584 1096 651 rectius
1112 586 1145 649 in
1162 585 1327 668 Trinitata

123 711 205 778 quae
227 695 295 760 tota
316 693 559 759 incarnationem
582 698 709 779 operata
732 699 788 776 eet,
813 695 927 761 dicitur
949 696 1030 762 filius
1055 713 1148 780 quam
1172 696 1238 782 ejus
1260 717 1331 784 por·

123 822 230 885 sonae,
264 804 369 871 Patris
392 803 535 869 videlicet
555 805 623 884 Dei,
658 804 746 888 cujus
770 807 832 871 oris
857 808 997 871 osculum
1033 824 1188 890 asponsa
1211 810 1331 876 deside·

123 919 229 980 ratum
250 917 339 999 eique
361 915 516 982 redditum
540 919 588 981 est
609 917 642 981 in
663 916 725 982 fine
749 920 934 1000 temporum.
969 917 1059 984 Illius
1082 937 1155 1002 ergo
1178 940 1329 1005 personae

123 1030 256 1111 utraque
279 1025 456 1092 substantia
489 1045 546 1110 ego
568 1027 739 1093 Dominum
762 1030 883 1095 Jeeum
891 1046 1027 1112 agnosco
1050 1031 1158 1113 filiurn,
1184 1032 1272 1117 cujus
1295 1037 1326 1099 et

125 1139 197 1203 nori
220 1139 363 1205 osculum
385 1137 531 1204 ecclesiae
553 1138 740 1205 desideranti
764 1138 943 1207 exhibitum.

563 1525 675 1594 cap.
695 1526 899 1582 XXXVI.

298 1649 345 1714 lle
366 1665 450 1715 nova
471 1647 611 1716 ecelesia
632 1667 713 1736 quae
736 1649 853 1716 llilium
877 1667 1026 1736 sponsum
1049 1648 1152 1716 vocat.

224 1835 312 1900 Haec
343 1854 400 1920 pro
434 1836 580 1919 antiquae
614 1836 867 1902 Patriarcharum
905 1836 1051 1900 ecclesiae
1081 1837 1223 1919 portione
1245 1837 1327 1902 dicta

126 1948 197 2028 sint,
221 1964 300 2031 qnae
323 1947 451 2013 Patrem
473 1948 576 2013 Deum
598 1948 685 2012 novit
706 1947 848 2012 invocare
871 1965 1030 2030 sponsum.
1077 1945 1226 2010 Ceterum
1248 1965 1328 2011 nova

124 2057 252 2124 ecclesia
268 2059 301 2122 in
317 2057 440 2126 Christo
464 2061 573 2123 renata
589 2059 684 2123 etiam
700 2058 870 2138 Christum,
895 2057 983 2141 cujus
1000 2059 1149 2142 sanguine
1164 2061 1324 2142 redempta

126 2173 182 2250 est,
207 2169 373 2254 singularis
396 2169 516 2253 gratiae
538 2169 698 2253 privilegio
722 2188 873 2253 sponsum
896 2189 987 2234 suum
1009 2169 1212 2254 recognoscit,
1236 2169 1325 2253 cujus

127 2284 157 2344 et
180 2281 322 2345 osculum
343 2280 363 2344 i.
385 2299 411 2345 e.
434 2278 620 2344 infusionem
643 2279 779 2362 Spiritus
803 2280 904 2344 sancti
927 2279 1050 2343 crebrae
1072 2280 1245 2345 dilectionis
1268 2301 1328 2345 usu

126 2389 164 2454 ab
186 2392 256 2476 ipso
280 2388 340 2456 sibi
361 2389 427 2454 dari
450 2389 660 2454 desideranter
684 2389 765 2474 petit
787 2391 895 2454 eodem
917 2390 1089 2455 dilectionis
1113 2391 1241 2469 affectu,
1263 2411 1325 2474 quo

128 2501 299 2585 etantiqua
315 2499 567 2566 Patriarcharum
591 2501 720 2566 ecclesia
741 2501 839 2583 petris
856 2500 1051 2566 desiderabat
1066 2503 1208 2567 osculum
1222 2504 1328 2568 dicens

128 2615 158 2676 et
178 2631 261 2679 nunc
283 2613 316 2677 in
338 2612 496 2678 communi
530 2613 675 2677 ecclesiae
710 2614 810 2691 coetu,
849 2610 953 2676 dicens
991 2631 1112 2695 quoque
1135 2612 1329 2695 singularum

126 2722 421 2806 perfectissimarum
443 2724 617 2787 animarum
646 2723 730 2787 fideli
753 2725 784 2786 et
806 2723 962 2787 aestuanti
984 2723 1151 2788 desiderio:
1175 2725 1329 2788 oscule-

128 2839 189 2899 tur
222 2855 279 2900 me
314 2836 452 2901 osculo
488 2835 571 2899 cris
604 2834 678 2899 sui.
723 2835 764 2899 Ilt
787 2853 935 2917 sponsum
959 2835 1082 2918 quidem
1116 2837 1181 2900 tam
1203 2835 1328 2899 nomine

128 2965 219 3029 quam
242 2966 275 3010 re
289 2946 460 3011 Dominum
478 2947 591 3012 Jesum
613 2947 865 3030 recognoscimus
888 2945 919 3010 in
939 2963 974 3008 eo
998 2945 1081 3026 quod
1101 2946 1146 3011 ait
1168 2946 1327 3013 Jolranues

127 3058 258 3141 deipeo‚
279 3058 348 3140 qui
370 3055 491 3121 habet
513 3076 696 3140 sponsam
719 3075 892 3141 sponsus
916 3056 1023 3139 est31)
1047 3057 1188 3122 osculum
1207 3077 1328 3141 quoque

125 3169 299 3234 dilectionis
322 3168 388 3252 ejus
411 3169 556 3235 usumin
581 3167 714 3251 Spiritus
738 3169 838 3233 sancti
861 3187 987 3232 munere
1008 3167 1160 3232 novimus.
1206 3163 1329 3234 Etenim

125 3296 203 3362 qnae
216 3280 356 3343 osculum
379 3279 519 3344 nominat
539 3279 640 3344 minus
664 3281 768 3344 dicens
789 3281 925 3364 amplius
941 3280 1142 3345 desiderando
1161 3280 1326 3363 significat,

125 3409 193 3455 eam
217 3389 360 3455 videlicet
382 3381 482 3456 sancti
505 3390 637 3474 Spiritus
670 3390 858 3456 inlusionem
889 3411 944 3474 per
966 3409 1058 3474 quarn
1082 3389 1169 3472 quasi
1191 3409 1251 3454 usu
1272 3407 1329 3454 na·

125 3501 220 3565 turali
241 3499 281 3564 ab
304 3501 408 3565 anima
441 3501 525 3566 fideli
547 3519 583 3565 ac
606 3501 747 3584 diligenti
781 3502 979 3585 cognoscitur
1013 3521 1103 3566 verus
1127 3501 1273 3565 ecclesiae
1296 3503 1327 3565 et

125 3612 275 3697 cujusque
297 3611 396 3677 fidelis
419 3611 540 3676 animae
573 3631 706 3695 sponsus
729 3613 882 3677 Dominus
905 3613 1010 3691 lesus,
1035 3630 1069 3676 eo
1093 3612 1175 3694 quod
1198 3611 1237 3675 ab
1260 3612 1327 3694 ipso

125 3741 186 3787 non
208 3723 311 3788 minue
335 3741 427 3807 quam
450 3723 577 3788 aPatre
599 3721 733 3806 Spiritus
757 3727 884 3789 sanctus
907 3723 939 3786 in
963 3741 1032 3786 eam
1056 3722 1213 3804 procedat,
1236 3720 1325 3804 cujus

125 3831 280 3898 infusione
313 3833 402 3916 quasi
424 3833 560 3898 naturali
582 3833 688 3915 sponsi
712 3834 760 3898 sui
783 3833 840 3898 Dei
879 3832 1054 3916 cognitione
1076 3832 1107 3895 in
1131 3829 1212 3895 bono
1237 3850 1327 3913 opere

125 3945 337 4024 foecundatur,
361 3965 400 4010 ne
422 3947 504 4010 ultra
527 3943 642 4008 sterilis
664 3947 799 4009 maneat.
828 3942 909 4025 Quid
933 3947 1038 4008 autem
1061 3941 1200 4008 dicemus
1233 3942 1326 4026 hujus

125 4054 231 4137 sponsi
255 4074 299 4134 os,
322 4077 344 4121 a
366 4075 426 4140 quo
449 4075 531 4122 nnnc
564 4056 625 4122 sibi
647 4057 789 4122 osculum
820 4055 923 4141 poscit
945 4055 1084 4133 ecclesia,
1104 4054 1165 4118 nisi
1188 4057 1328 4118 sanctam

125 4165 305 4230 canonicam
328 4167 525 4252 scripturam,
550 4167 639 4250 cujus
664 4168 725 4232 oris
748 4167 838 4250 quasi
861 4167 922 4230 duo
945 4164 1027 4230 labia
1050 4168 1110 4231 duo
1135 4168 1208 4229 sunt
1230 4165 1328 4227 testa·

125 4280 238 4343 menta.
262 4277 348 4342 Haec
370 4282 475 4345 autem
494 4281 647 4345 canonica
670 4278 826 4363 scriptura
848 4295 883 4343 os
907 4276 1023 4343 Christi
1045 4277 1151 4360 sponsi
1174 4273 1323 4340 ecclesiae

232 4481 252 4552 ι)
273 4487 346 4540 Joan.
366 4486 391 4542 3.
411 4486 455 4540 29.
