<?xml version="1.0" encoding="UTF-8"?>
<!DOCTYPE html PUBLIC "-//W3C//DTD XHTML 1.0 Transitional//EN"
    "http://www.w3.org/TR/xhtml1/DTD/xhtml1-transitional.dtd">
<html xmlns="http://www.w3.org/1999/xhtml" xml:lang="en" lang="en">
 <head>
  <title>
</title>
<meta http-equiv="Content-Type" content="text/html;charset=utf-8" />
  <meta name='ocr-system' content='tesseract 3.04.00' />
  <meta name='ocr-capabilities' content='ocr_page ocr_carea ocr_par ocr_line ocrx_word'/>
</head>
<body>
  <div class='ocr_page' id='page_1' title='image "./operahactenusin00schegoog_0310.png"; bbox 0 0 3168 5190; ppageno 0'>
   <div class='ocr_carea' id='block_1_1' title="bbox 1275 401 1338 468">
    <p class='ocr_par' dir='ltr' id='par_1_1' title="bbox 1275 401 1338 468">
     <span class='ocr_line' id='line_1_1' title="bbox 1275 401 1338 468; baseline 0.032 -2"><span class='ocrx_word' id='word_1_1' title='bbox 1275 401 1338 468; x_wconf 81' lang='grc'>295</span> 
     </span>
    </p>
   </div>
   <div class='ocr_carea' id='block_1_2' title="bbox 130 555 1339 2211">
    <p class='ocr_par' dir='ltr' id='par_1_2' title="bbox 130 555 1339 2211">
     <span class='ocr_line' id='line_1_2' title="bbox 133 555 1338 639; baseline 0.017 -20"><span class='ocrx_word' id='word_1_2' title='bbox 133 557 224 639; x_wconf 88' lang='lat' dir='ltr'>plane</span> <span class='ocrx_word' id='word_1_3' title='bbox 246 555 386 624; x_wconf 89' lang='lat' dir='ltr'>Judaeus</span> <span class='ocrx_word' id='word_1_4' title='bbox 420 556 496 622; x_wconf 90' lang='lat' dir='ltr'>mihi</span> <span class='ocrx_word' id='word_1_5' title='bbox 519 561 550 624; x_wconf 90' lang='lat' dir='ltr'>et</span> <span class='ocrx_word' id='word_1_6' title='bbox 573 559 776 626; x_wconf 83' lang='lat' dir='ltr'>antichristus</span> <span class='ocrx_word' id='word_1_7' title='bbox 810 581 846 628; x_wconf 91' lang='lat' dir='ltr'>ao</span> <span class='ocrx_word' id='word_1_8' title='bbox 868 559 1075 632; x_wconf 90' lang='lat' dir='ltr'>Photinianus</span> <span class='ocrx_word' id='word_1_9' title='bbox 1107 568 1171 636; x_wconf 86' lang='lat' dir='ltr'>sive</span> <span class='ocrx_word' id='word_1_10' title='bbox 1194 568 1338 638; x_wconf 89' lang='lat' dir='ltr'>Nestori·</span> 
     </span>
     <span class='ocr_line' id='line_1_3' title="bbox 133 667 1339 766; baseline 0.015 -34"><span class='ocrx_word' id='word_1_11' title='bbox 133 686 211 733; x_wconf 88' lang='lat' dir='ltr'>auus</span> <span class='ocrx_word' id='word_1_12' title='bbox 234 667 407 734; x_wconf 71' lang='lat' dir='ltr'>haerebous</span> <span class='ocrx_word' id='word_1_13' title='bbox 431 669 501 736; x_wconf 86' lang='lat' dir='ltr'>eris.</span> <span class='ocrx_word' id='word_1_14' title='bbox 546 669 613 736; x_wconf 88' lang='lat' dir='ltr'>Neo</span> <span class='ocrx_word' id='word_1_15' title='bbox 635 675 741 737; x_wconf 91' lang='lat' dir='ltr'>tamen</span> <span class='ocrx_word' id='word_1_16' title='bbox 763 675 977 758; x_wconf 82' lang='lat' dir='ltr'>corporalibus</span> <span class='ocrx_word' id='word_1_17' title='bbox 1008 680 1105 745; x_wconf 83' lang='lat' dir='ltr'>oeulis</span> <span class='ocrx_word' id='word_1_18' title='bbox 1129 681 1225 747; x_wconf 84' lang='lat' dir='ltr'>videri</span> <span class='ocrx_word' id='word_1_19' title='bbox 1246 701 1339 766; x_wconf 88' lang='lat' dir='ltr'>possa</span> 
     </span>
     <span class='ocr_line' id='line_1_4' title="bbox 132 778 1339 874; baseline 0.013 -29"><span class='ocrx_word' id='word_1_20' title='bbox 132 782 235 845; x_wconf 90' lang='lat' dir='ltr'>Deum</span> <span class='ocrx_word' id='word_1_21' title='bbox 257 778 456 860; x_wconf 77' lang='lat' dir='ltr'>arbitramur,</span> <span class='ocrx_word' id='word_1_22' title='bbox 479 782 533 847; x_wconf 89' lang='lat' dir='ltr'>sed</span> <span class='ocrx_word' id='word_1_23' title='bbox 556 781 583 848; x_wconf 89' lang='lat' dir='ltr'>is</span> <span class='ocrx_word' id='word_1_24' title='bbox 607 783 745 848; x_wconf 83' lang='lat' dir='ltr'>videtin</span> <span class='ocrx_word' id='word_1_25' title='bbox 769 783 894 852; x_wconf 76' lang='lat' dir='ltr'>Christo</span> <span class='ocrx_word' id='word_1_26' title='bbox 917 789 1030 870; x_wconf 90' lang='lat' dir='ltr'>Deum,</span> <span class='ocrx_word' id='word_1_27' title='bbox 1058 791 1111 874; x_wconf 92' lang='lat' dir='ltr'>qui</span> <span class='ocrx_word' id='word_1_28' title='bbox 1133 791 1229 858; x_wconf 91' lang='lat' dir='ltr'>Patre</span> <span class='ocrx_word' id='word_1_29' title='bbox 1251 813 1339 861; x_wconf 89' lang='lat' dir='ltr'>reve-</span> 
     </span>
     <span class='ocr_line' id='line_1_5' title="bbox 132 891 1339 989; baseline 0.014 -34"><span class='ocrx_word' id='word_1_30' title='bbox 132 891 216 956; x_wconf 91' lang='lat' dir='ltr'>lante</span> <span class='ocrx_word' id='word_1_31' title='bbox 238 891 299 956; x_wconf 90' lang='lat' dir='ltr'>fide</span> <span class='ocrx_word' id='word_1_32' title='bbox 320 893 466 976; x_wconf 86' lang='lat' dir='ltr'>eognouit</span> <span class='ocrx_word' id='word_1_33' title='bbox 487 893 600 960; x_wconf 87' lang='lat' dir='ltr'>Jasum</span> <span class='ocrx_word' id='word_1_34' title='bbox 633 913 741 960; x_wconf 85' lang='lat' dir='ltr'>uerum</span> <span class='ocrx_word' id='word_1_35' title='bbox 774 915 842 962; x_wconf 90' lang='lat' dir='ltr'>esse</span> <span class='ocrx_word' id='word_1_36' title='bbox 865 899 968 963; x_wconf 92' lang='lat' dir='ltr'>Deum</span> <span class='ocrx_word' id='word_1_37' title='bbox 1001 919 1038 966; x_wconf 91' lang='lat' dir='ltr'>ao</span> <span class='ocrx_word' id='word_1_38' title='bbox 1060 902 1119 966; x_wconf 92' lang='lat' dir='ltr'>Dei</span> <span class='ocrx_word' id='word_1_39' title='bbox 1141 902 1250 984; x_wconf 89' lang='lat' dir='ltr'>filium,</span> <span class='ocrx_word' id='word_1_40' title='bbox 1286 906 1339 989; x_wconf 92' lang='lat' dir='ltr'>qui</span> 
     </span>
     <span class='ocr_line' id='line_1_6' title="bbox 133 1003 1339 1098; baseline 0.012 -30"><span class='ocrx_word' id='word_1_41' title='bbox 133 1021 234 1087; x_wconf 86' lang='lat' dir='ltr'>opera,</span> <span class='ocrx_word' id='word_1_42' title='bbox 260 1021 338 1088; x_wconf 91' lang='lat' dir='ltr'>quae</span> <span class='ocrx_word' id='word_1_43' title='bbox 359 1003 443 1084; x_wconf 85' lang='lat' dir='ltr'>feeit,</span> <span class='ocrx_word' id='word_1_44' title='bbox 468 1005 640 1071; x_wconf 84' lang='lat' dir='ltr'>divinitatis</span> <span class='ocrx_word' id='word_1_45' title='bbox 664 1025 758 1090; x_wconf 87' lang='lat' dir='ltr'>opera</span> <span class='ocrx_word' id='word_1_46' title='bbox 780 1008 813 1072; x_wconf 92' lang='lat' dir='ltr'>in</span> <span class='ocrx_word' id='word_1_47' title='bbox 833 1009 958 1076; x_wconf 90' lang='lat' dir='ltr'>homine</span> <span class='ocrx_word' id='word_1_48' title='bbox 974 1012 1040 1077; x_wconf 90' lang='lat' dir='ltr'>Deo</span> <span class='ocrx_word' id='word_1_49' title='bbox 1064 1013 1169 1078; x_wconf 85' lang='lat' dir='ltr'>divina</span> <span class='ocrx_word' id='word_1_50' title='bbox 1191 1021 1339 1098; x_wconf 80' lang='lat' dir='ltr'>operante</span> 
     </span>
     <span class='ocr_line' id='line_1_7' title="bbox 132 1113 1339 1210; baseline 0.012 -32"><span class='ocrx_word' id='word_1_51' title='bbox 132 1132 200 1178; x_wconf 90' lang='lat' dir='ltr'>esse</span> <span class='ocrx_word' id='word_1_52' title='bbox 234 1131 298 1178; x_wconf 92' lang='lat' dir='ltr'>non</span> <span class='ocrx_word' id='word_1_53' title='bbox 331 1113 463 1195; x_wconf 87' lang='lat' dir='ltr'>dubitat,</span> <span class='ocrx_word' id='word_1_54' title='bbox 499 1117 552 1199; x_wconf 93' lang='lat' dir='ltr'>qui</span> <span class='ocrx_word' id='word_1_55' title='bbox 584 1119 757 1202; x_wconf 83' lang='lat' dir='ltr'>passiones,</span> <span class='ocrx_word' id='word_1_56' title='bbox 796 1139 872 1203; x_wconf 89' lang='lat' dir='ltr'>quas</span> <span class='ocrx_word' id='word_1_57' title='bbox 895 1123 1035 1206; x_wconf 89' lang='lat' dir='ltr'>pertulit,</span> <span class='ocrx_word' id='word_1_58' title='bbox 1070 1143 1105 1189; x_wconf 85' lang='lat' dir='ltr'>ex</span> <span class='ocrx_word' id='word_1_59' title='bbox 1126 1128 1285 1210; x_wconf 76' lang='lat' dir='ltr'>potestate</span> <span class='ocrx_word' id='word_1_60' title='bbox 1307 1130 1339 1194; x_wconf 92' lang='lat' dir='ltr'>et</span> 
     </span>
     <span class='ocr_line' id='line_1_8' title="bbox 132 1227 1339 1318; baseline 0.011 -27"><span class='ocrx_word' id='word_1_61' title='bbox 132 1227 292 1291; x_wconf 85' lang='lat' dir='ltr'>voluntate</span> <span class='ocrx_word' id='word_1_62' title='bbox 325 1245 396 1290; x_wconf 93' lang='lat' dir='ltr'>eum</span> <span class='ocrx_word' id='word_1_63' title='bbox 429 1227 595 1310; x_wconf 87' lang='lat' dir='ltr'>pertulisse</span> <span class='ocrx_word' id='word_1_64' title='bbox 616 1232 803 1313; x_wconf 89' lang='lat' dir='ltr'>nostrasque</span> <span class='ocrx_word' id='word_1_65' title='bbox 835 1252 892 1317; x_wconf 89' lang='lat' dir='ltr'>per</span> <span class='ocrx_word' id='word_1_66' title='bbox 914 1233 990 1300; x_wconf 87' lang='lat' dir='ltr'>haee</span> <span class='ocrx_word' id='word_1_67' title='bbox 1012 1234 1120 1318; x_wconf 87' lang='lat' dir='ltr'>plagas</span> <span class='ocrx_word' id='word_1_68' title='bbox 1143 1255 1270 1304; x_wconf 83' lang='lat' dir='ltr'>curasse</span> <span class='ocrx_word' id='word_1_69' title='bbox 1292 1238 1339 1304; x_wconf 91' lang='lat' dir='ltr'>di-</span> 
     </span>
     <span class='ocr_line' id='line_1_9' title="bbox 132 1336 1338 1426; baseline 0.011 -24"><span class='ocrx_word' id='word_1_70' title='bbox 132 1336 216 1415; x_wconf 88' lang='lat' dir='ltr'>dioit,</span> <span class='ocrx_word' id='word_1_71' title='bbox 252 1337 305 1420; x_wconf 90' lang='lat' dir='ltr'>qui</span> <span class='ocrx_word' id='word_1_72' title='bbox 328 1341 429 1403; x_wconf 89' lang='lat' dir='ltr'>morto</span> <span class='ocrx_word' id='word_1_73' title='bbox 450 1338 547 1422; x_wconf 91' lang='lat' dir='ltr'>ipsius</span> <span class='ocrx_word' id='word_1_74' title='bbox 570 1340 709 1424; x_wconf 89' lang='lat' dir='ltr'>pretiosa</span> <span class='ocrx_word' id='word_1_75' title='bbox 743 1346 904 1426; x_wconf 89' lang='lat' dir='ltr'>tamquam</span> <span class='ocrx_word' id='word_1_76' title='bbox 934 1363 1005 1410; x_wconf 89' lang='lat' dir='ltr'>vere</span> <span class='ocrx_word' id='word_1_77' title='bbox 1027 1350 1128 1412; x_wconf 89' lang='lat' dir='ltr'>morte</span> <span class='ocrx_word' id='word_1_78' title='bbox 1148 1365 1211 1411; x_wconf 91' lang='lat' dir='ltr'>non</span> <span class='ocrx_word' id='word_1_79' title='bbox 1235 1350 1338 1414; x_wconf 92' lang='lat' dir='ltr'>solum</span> 
     </span>
     <span class='ocr_line' id='line_1_10' title="bbox 131 1435 1337 1541; baseline 0.012 -29"><span class='ocrx_word' id='word_1_80' title='bbox 131 1446 266 1512; x_wconf 88' lang='lat' dir='ltr'>hominis</span> <span class='ocrx_word' id='word_1_81' title='bbox 301 1448 356 1512; x_wconf 88' lang='lat' dir='ltr'>sed</span> <span class='ocrx_word' id='word_1_82' title='bbox 377 1453 409 1514; x_wconf 89' lang='lat' dir='ltr'>et</span> <span class='ocrx_word' id='word_1_83' title='bbox 431 1450 489 1516; x_wconf 90' lang='lat' dir='ltr'>Dei</span> <span class='ocrx_word' id='word_1_84' title='bbox 511 1455 647 1516; x_wconf 91' lang='lat' dir='ltr'>mortem</span> <span class='ocrx_word' id='word_1_85' title='bbox 677 1456 817 1518; x_wconf 91' lang='lat' dir='ltr'>nostram</span> <span class='ocrx_word' id='word_1_86' title='bbox 847 1456 1049 1538; x_wconf 89' lang='lat' dir='ltr'>destmotam‚</span> <span class='ocrx_word' id='word_1_87' title='bbox 1083 1459 1202 1522; x_wconf 87' lang='lat' dir='ltr'>tartara</span> <span class='ocrx_word' id='word_1_88' title='bbox 1224 1435 1337 1541; x_wconf 83' lang='lat' dir='ltr'>diruta,</span> 
     </span>
     <span class='ocr_line' id='line_1_11' title="bbox 130 1562 1338 1648; baseline 0.009 -24"><span class='ocrx_word' id='word_1_89' title='bbox 130 1562 303 1643; x_wconf 84' lang='lat' dir='ltr'>potestates</span> <span class='ocrx_word' id='word_1_90' title='bbox 337 1565 445 1626; x_wconf 75' lang='lat' dir='ltr'>aereas</span> <span class='ocrx_word' id='word_1_91' title='bbox 469 1564 642 1648; x_wconf 81' lang='lat' dir='ltr'>captivatas</span> <span class='ocrx_word' id='word_1_92' title='bbox 666 1567 697 1630; x_wconf 91' lang='lat' dir='ltr'>et</span> <span class='ocrx_word' id='word_1_93' title='bbox 720 1565 896 1632; x_wconf 87' lang='lat' dir='ltr'>animarum</span> <span class='ocrx_word' id='word_1_94' title='bbox 930 1571 1109 1633; x_wconf 78' lang='lat' dir='ltr'>sanctarum</span> <span class='ocrx_word' id='word_1_95' title='bbox 1132 1569 1276 1634; x_wconf 85' lang='lat' dir='ltr'>traducta</span> <span class='ocrx_word' id='word_1_96' title='bbox 1297 1571 1338 1635; x_wconf 89' lang='lat' dir='ltr'>ad</span> 
     </span>
     <span class='ocr_line' id='line_1_12' title="bbox 132 1671 1335 1762; baseline 0.011 -29"><span class='ocrx_word' id='word_1_97' title='bbox 132 1671 229 1736; x_wconf 85' lang='lat' dir='ltr'>vitam</span> <span class='ocrx_word' id='word_1_98' title='bbox 263 1671 364 1755; x_wconf 89' lang='lat' dir='ltr'>spolia</span> <span class='ocrx_word' id='word_1_99' title='bbox 393 1691 454 1737; x_wconf 93' lang='lat' dir='ltr'>non</span> <span class='ocrx_word' id='word_1_100' title='bbox 476 1674 576 1738; x_wconf 91' lang='lat' dir='ltr'>nesoit</span> <span class='ocrx_word' id='word_1_101' title='bbox 599 1674 712 1759; x_wconf 87' lang='lat' dir='ltr'>quique</span> <span class='ocrx_word' id='word_1_102' title='bbox 744 1679 970 1744; x_wconf 86' lang='lat' dir='ltr'>resurreetione</span> <span class='ocrx_word' id='word_1_103' title='bbox 1000 1679 1098 1762; x_wconf 89' lang='lat' dir='ltr'>ipsius</span> <span class='ocrx_word' id='word_1_104' title='bbox 1123 1680 1220 1745; x_wconf 88' lang='lat' dir='ltr'>vitam</span> <span class='ocrx_word' id='word_1_105' title='bbox 1243 1681 1335 1748; x_wconf 91' lang='lat' dir='ltr'>nobis</span> 
     </span>
     <span class='ocr_line' id='line_1_13' title="bbox 131 1785 1336 1872; baseline 0.008 -26"><span class='ocrx_word' id='word_1_106' title='bbox 131 1786 311 1867; x_wconf 90' lang='lat' dir='ltr'>reparatam</span> <span class='ocrx_word' id='word_1_107' title='bbox 334 1803 402 1850; x_wconf 89' lang='lat' dir='ltr'>esse</span> <span class='ocrx_word' id='word_1_108' title='bbox 425 1789 527 1850; x_wconf 85' lang='lat' dir='ltr'>certus</span> <span class='ocrx_word' id='word_1_109' title='bbox 551 1785 652 1852; x_wconf 86' lang='lat' dir='ltr'>faetus</span> <span class='ocrx_word' id='word_1_110' title='bbox 677 1790 740 1867; x_wconf 84' lang='lat' dir='ltr'>est,</span> <span class='ocrx_word' id='word_1_111' title='bbox 765 1789 817 1872; x_wconf 94' lang='lat' dir='ltr'>qui</span> <span class='ocrx_word' id='word_1_112' title='bbox 840 1790 998 1854; x_wconf 90' lang='lat' dir='ltr'>sedentem</span> <span class='ocrx_word' id='word_1_113' title='bbox 1021 1789 1060 1854; x_wconf 87' lang='lat' dir='ltr'>ad</span> <span class='ocrx_word' id='word_1_114' title='bbox 1082 1790 1240 1855; x_wconf 80' lang='lat' dir='ltr'>dexteram</span> <span class='ocrx_word' id='word_1_115' title='bbox 1263 1791 1283 1857; x_wconf 92' lang='lat' dir='ltr'>i.</span> <span class='ocrx_word' id='word_1_116' title='bbox 1308 1811 1336 1859; x_wconf 91' lang='lat' dir='ltr'>e.</span> 
     </span>
     <span class='ocr_line' id='line_1_14' title="bbox 131 1894 1334 1986; baseline 0.007 -28"><span class='ocrx_word' id='word_1_117' title='bbox 131 1894 162 1958; x_wconf 94' lang='lat' dir='ltr'>in</span> <span class='ocrx_word' id='word_1_118' title='bbox 178 1895 368 1978; x_wconf 83' lang='lat' dir='ltr'>aequalitate</span> <span class='ocrx_word' id='word_1_119' title='bbox 382 1895 481 1978; x_wconf 88' lang='lat' dir='ltr'>patris</span> <span class='ocrx_word' id='word_1_120' title='bbox 496 1901 638 1963; x_wconf 87' lang='lat' dir='ltr'>aeternae</span> <span class='ocrx_word' id='word_1_121' title='bbox 653 1901 829 1982; x_wconf 85' lang='lat' dir='ltr'>praesulem</span> <span class='ocrx_word' id='word_1_122' title='bbox 845 1899 1009 1967; x_wconf 82' lang='lat' dir='ltr'>confitetur</span> <span class='ocrx_word' id='word_1_123' title='bbox 1024 1902 1115 1980; x_wconf 83' lang='lat' dir='ltr'>uitae,</span> <span class='ocrx_word' id='word_1_124' title='bbox 1133 1902 1170 1982; x_wconf 91' lang='lat' dir='ltr'>is,</span> <span class='ocrx_word' id='word_1_125' title='bbox 1193 1903 1334 1986; x_wconf 90' lang='lat' dir='ltr'>inquam,</span> 
     </span>
     <span class='ocr_line' id='line_1_15' title="bbox 134 2005 1336 2094; baseline 0.01 -24"><span class='ocrx_word' id='word_1_126' title='bbox 134 2006 231 2071; x_wconf 85' lang='lat' dir='ltr'>oeulis</span> <span class='ocrx_word' id='word_1_127' title='bbox 255 2009 287 2072; x_wconf 90' lang='lat' dir='ltr'>et</span> <span class='ocrx_word' id='word_1_128' title='bbox 308 2005 450 2071; x_wconf 89' lang='lat' dir='ltr'>manibus</span> <span class='ocrx_word' id='word_1_129' title='bbox 473 2007 546 2074; x_wconf 86' lang='lat' dir='ltr'>fidei</span> <span class='ocrx_word' id='word_1_130' title='bbox 567 2007 652 2074; x_wconf 87' lang='lat' dir='ltr'>videt</span> <span class='ocrx_word' id='word_1_131' title='bbox 672 2012 705 2074; x_wconf 89' lang='lat' dir='ltr'>et</span> <span class='ocrx_word' id='word_1_132' title='bbox 726 2011 829 2094; x_wconf 85' lang='lat' dir='ltr'>tangit</span> <span class='ocrx_word' id='word_1_133' title='bbox 858 2012 967 2079; x_wconf 89' lang='lat' dir='ltr'>Jasum</span> <span class='ocrx_word' id='word_1_134' title='bbox 991 2031 1100 2079; x_wconf 88' lang='lat' dir='ltr'>vemm</span> <span class='ocrx_word' id='word_1_135' title='bbox 1122 2013 1281 2080; x_wconf 90' lang='lat' dir='ltr'>hominem</span> <span class='ocrx_word' id='word_1_136' title='bbox 1302 2018 1336 2082; x_wconf 90' lang='lat' dir='ltr'>et</span> 
     </span>
     <span class='ocr_line' id='line_1_16' title="bbox 132 2116 1336 2211; baseline 0.011 -29"><span class='ocrx_word' id='word_1_137' title='bbox 132 2116 234 2183; x_wconf 89' lang='lat' dir='ltr'>Deum</span> <span class='ocrx_word' id='word_1_138' title='bbox 257 2117 290 2182; x_wconf 92' lang='lat' dir='ltr'>in</span> <span class='ocrx_word' id='word_1_139' title='bbox 314 2118 499 2184; x_wconf 87' lang='lat' dir='ltr'>aeternitate</span> <span class='ocrx_word' id='word_1_140' title='bbox 522 2121 554 2186; x_wconf 90' lang='lat' dir='ltr'>ot</span> <span class='ocrx_word' id='word_1_141' title='bbox 575 2119 812 2188; x_wconf 89' lang='lat' dir='ltr'>immortalitate</span> <span class='ocrx_word' id='word_1_142' title='bbox 843 2123 947 2190; x_wconf 85' lang='lat' dir='ltr'>divina</span> <span class='ocrx_word' id='word_1_143' title='bbox 977 2123 1064 2190; x_wconf 86' lang='lat' dir='ltr'>Patri</span> <span class='ocrx_word' id='word_1_144' title='bbox 1085 2130 1336 2211; x_wconf 81' lang='lat' dir='ltr'>conregnantem.</span> 
     </span>
    </p>
   </div>
   <div class='ocr_carea' id='block_1_3' title="bbox 589 2484 883 2554">
    <p class='ocr_par' dir='ltr' id='par_1_3' title="bbox 589 2484 883 2554">
     <span class='ocr_line' id='line_1_17' title="bbox 589 2484 883 2554; baseline 0 -13"><span class='ocrx_word' id='word_1_145' title='bbox 589 2485 699 2554; x_wconf 77' lang='lat' dir='ltr'>Gap.</span> <span class='ocrx_word' id='word_1_146' title='bbox 718 2484 883 2541; x_wconf 83' lang='lat' dir='ltr'>XLIX.</span> 
     </span>
    </p>
   </div>
   <div class='ocr_carea' id='block_1_4' title="bbox 132 2609 1336 2790">
    <p class='ocr_par' dir='ltr' id='par_1_4' title="bbox 132 2609 1336 2790">
     <span class='ocr_line' id='line_1_18' title="bbox 132 2609 1336 2698; baseline 0.002 -21"><span class='ocrx_word' id='word_1_147' title='bbox 132 2609 375 2679; x_wconf 86' lang='lat' dir='ltr'>Saoramentum</span> <span class='ocrx_word' id='word_1_148' title='bbox 396 2609 578 2698; x_wconf 86' lang='lat' dir='ltr'>personalis</span> <span class='ocrx_word' id='word_1_149' title='bbox 600 2609 738 2678; x_wconf 88' lang='lat' dir='ltr'>unitatis</span> <span class='ocrx_word' id='word_1_150' title='bbox 753 2609 842 2676; x_wconf 89' lang='lat' dir='ltr'>inter</span> <span class='ocrx_word' id='word_1_151' title='bbox 857 2609 998 2678; x_wconf 85' lang='lat' dir='ltr'>Verbum</span> <span class='ocrx_word' id='word_1_152' title='bbox 1019 2611 1053 2678; x_wconf 91' lang='lat' dir='ltr'>et</span> <span class='ocrx_word' id='word_1_153' title='bbox 1067 2627 1198 2679; x_wconf 90' lang='lat' dir='ltr'>earnem</span> <span class='ocrx_word' id='word_1_154' title='bbox 1214 2611 1336 2680; x_wconf 78' lang='lat' dir='ltr'>Christi</span> 
     </span>
     <span class='ocr_line' id='line_1_19' title="bbox 598 2722 870 2790; baseline -0.007 0"><span class='ocrx_word' id='word_1_155' title='bbox 598 2740 668 2790; x_wconf 86' lang='lat' dir='ltr'>esse</span> <span class='ocrx_word' id='word_1_156' title='bbox 691 2722 870 2790; x_wconf 89' lang='lat' dir='ltr'>aeternum.</span> 
     </span>
    </p>
   </div>
   <div class='ocr_carea' id='block_1_5' title="bbox 130 2907 1335 4332">
    <p class='ocr_par' dir='ltr' id='par_1_5' title="bbox 130 2907 1335 4332">
     <span class='ocr_line' id='line_1_20' title="bbox 233 2907 1333 2995; baseline 0.002 -21"><span class='ocrx_word' id='word_1_157' title='bbox 233 2908 307 2974; x_wconf 89' lang='lat' dir='ltr'>Nou</span> <span class='ocrx_word' id='word_1_158' title='bbox 327 2908 425 2993; x_wconf 83' lang='lat' dir='ltr'>igitur</span> <span class='ocrx_word' id='word_1_159' title='bbox 445 2907 639 2994; x_wconf 80' lang='lat' dir='ltr'>praejudicat</span> <span class='ocrx_word' id='word_1_160' title='bbox 670 2910 849 2976; x_wconf 86' lang='lat' dir='ltr'>aeternitati</span> <span class='ocrx_word' id='word_1_161' title='bbox 880 2927 1031 2995; x_wconf 91' lang='lat' dir='ltr'>personae</span> <span class='ocrx_word' id='word_1_162' title='bbox 1059 2912 1189 2976; x_wconf 89' lang='lat' dir='ltr'>naturae</span> <span class='ocrx_word' id='word_1_163' title='bbox 1207 2913 1333 2976; x_wconf 87' lang='lat' dir='ltr'>nostrae</span> 
     </span>
     <span class='ocr_line' id='line_1_21' title="bbox 130 3020 1334 3106; baseline 0.002 -20"><span class='ocrx_word' id='word_1_164' title='bbox 130 3024 274 3106; x_wconf 87' lang='lat' dir='ltr'>tempore</span> <span class='ocrx_word' id='word_1_165' title='bbox 307 3023 390 3086; x_wconf 88' lang='lat' dir='ltr'>oerto</span> <span class='ocrx_word' id='word_1_166' title='bbox 409 3021 442 3085; x_wconf 92' lang='lat' dir='ltr'>in</span> <span class='ocrx_word' id='word_1_167' title='bbox 464 3020 568 3087; x_wconf 89' lang='lat' dir='ltr'>Verbo</span> <span class='ocrx_word' id='word_1_168' title='bbox 589 3021 711 3089; x_wconf 88' lang='lat' dir='ltr'>initiata</span> <span class='ocrx_word' id='word_1_169' title='bbox 745 3020 929 3086; x_wconf 85' lang='lat' dir='ltr'>substantia.</span> <span class='ocrx_word' id='word_1_170' title='bbox 965 3020 1094 3086; x_wconf 85' lang='lat' dir='ltr'>Etenim</span> <span class='ocrx_word' id='word_1_171' title='bbox 1128 3020 1188 3086; x_wconf 89' lang='lat' dir='ltr'>etsi</span> <span class='ocrx_word' id='word_1_172' title='bbox 1220 3024 1334 3088; x_wconf 88' lang='lat' dir='ltr'>natura</span> 
     </span>
     <span class='ocr_line' id='line_1_22' title="bbox 131 3133 1335 3217; baseline -0.001 -18"><span class='ocrx_word' id='word_1_173' title='bbox 131 3133 233 3199; x_wconf 87' lang='lat' dir='ltr'>earnis</span> <span class='ocrx_word' id='word_1_174' title='bbox 266 3136 392 3198; x_wconf 88' lang='lat' dir='ltr'>nostrae</span> <span class='ocrx_word' id='word_1_175' title='bbox 413 3133 446 3198; x_wconf 95' lang='lat' dir='ltr'>in</span> <span class='ocrx_word' id='word_1_176' title='bbox 469 3133 592 3200; x_wconf 78' lang='lat' dir='ltr'>Christo</span> <span class='ocrx_word' id='word_1_177' title='bbox 616 3133 796 3217; x_wconf 88' lang='lat' dir='ltr'>temporalis</span> <span class='ocrx_word' id='word_1_178' title='bbox 819 3137 877 3212; x_wconf 87' lang='lat' dir='ltr'>est,</span> <span class='ocrx_word' id='word_1_179' title='bbox 910 3148 1045 3217; x_wconf 88' lang='lat' dir='ltr'>persona</span> <span class='ocrx_word' id='word_1_180' title='bbox 1077 3133 1200 3216; x_wconf 82' lang='lat' dir='ltr'>generis</span> <span class='ocrx_word' id='word_1_181' title='bbox 1234 3134 1335 3198; x_wconf 90' lang='lat' dir='ltr'>nostri</span> 
     </span>
     <span class='ocr_line' id='line_1_23' title="bbox 132 3242 1334 3326; baseline 0.001 -17"><span class='ocrx_word' id='word_1_182' title='bbox 132 3243 275 3310; x_wconf 84' lang='lat' dir='ltr'>Christus</span> <span class='ocrx_word' id='word_1_183' title='bbox 298 3262 361 3308; x_wconf 93' lang='lat' dir='ltr'>non</span> <span class='ocrx_word' id='word_1_184' title='bbox 382 3245 562 3326; x_wconf 86' lang='lat' dir='ltr'>temporalis</span> <span class='ocrx_word' id='word_1_185' title='bbox 586 3245 640 3310; x_wconf 88' lang='lat' dir='ltr'>sad</span> <span class='ocrx_word' id='word_1_186' title='bbox 656 3248 800 3310; x_wconf 91' lang='lat' dir='ltr'>aeternus</span> <span class='ocrx_word' id='word_1_187' title='bbox 817 3249 874 3310; x_wconf 86' lang='lat' dir='ltr'>est.</span> <span class='ocrx_word' id='word_1_188' title='bbox 896 3242 1046 3326; x_wconf 82' lang='lat' dir='ltr'>Alioquin</span> <span class='ocrx_word' id='word_1_189' title='bbox 1061 3247 1216 3309; x_wconf 86' lang='lat' dir='ltr'>recentem</span> <span class='ocrx_word' id='word_1_190' title='bbox 1230 3246 1334 3310; x_wconf 92' lang='lat' dir='ltr'>Deum</span> 
     </span>
     <span class='ocr_line' id='line_1_24' title="bbox 131 3353 1335 3438; baseline -0.001 -17"><span class='ocrx_word' id='word_1_191' title='bbox 131 3355 292 3422; x_wconf 75' lang='lat' dir='ltr'>Christum</span> <span class='ocrx_word' id='word_1_192' title='bbox 324 3356 424 3420; x_wconf 89' lang='lat' dir='ltr'>oolere</span> <span class='ocrx_word' id='word_1_193' title='bbox 445 3353 655 3437; x_wconf 87' lang='lat' dir='ltr'>prohibemur.</span> <span class='ocrx_word' id='word_1_194' title='bbox 700 3357 848 3438; x_wconf 83' lang='lat' dir='ltr'>Quamvis</span> <span class='ocrx_word' id='word_1_195' title='bbox 883 3355 966 3419; x_wconf 88' lang='lat' dir='ltr'>enim</span> <span class='ocrx_word' id='word_1_196' title='bbox 988 3355 1071 3438; x_wconf 85' lang='lat' dir='ltr'>quod</span> <span class='ocrx_word' id='word_1_197' title='bbox 1092 3357 1253 3420; x_wconf 90' lang='lat' dir='ltr'>aeternum</span> <span class='ocrx_word' id='word_1_198' title='bbox 1286 3358 1335 3420; x_wconf 90' lang='lat' dir='ltr'>est</span> 
     </span>
     <span class='ocr_line' id='line_1_25' title="bbox 131 3466 1332 3549; baseline 0 -19"><span class='ocrx_word' id='word_1_199' title='bbox 131 3470 293 3532; x_wconf 89' lang='lat' dir='ltr'>aeternnm</span> <span class='ocrx_word' id='word_1_200' title='bbox 314 3470 345 3531; x_wconf 90' lang='lat' dir='ltr'>et</span> <span class='ocrx_word' id='word_1_201' title='bbox 367 3466 487 3531; x_wconf 91' lang='lat' dir='ltr'>initiale</span> <span class='ocrx_word' id='word_1_202' title='bbox 508 3466 626 3532; x_wconf 88' lang='lat' dir='ltr'>initiale</span> <span class='ocrx_word' id='word_1_203' title='bbox 650 3467 830 3549; x_wconf 87' lang='lat' dir='ltr'>permansit,</span> <span class='ocrx_word' id='word_1_204' title='bbox 854 3469 998 3530; x_wconf 87' lang='lat' dir='ltr'>aeternus</span> <span class='ocrx_word' id='word_1_205' title='bbox 1022 3470 1128 3531; x_wconf 89' lang='lat' dir='ltr'>tamen</span> <span class='ocrx_word' id='word_1_206' title='bbox 1150 3466 1332 3548; x_wconf 90' lang='lat' dir='ltr'>temporalis</span> 
     </span>
     <span class='ocr_line' id='line_1_26' title="bbox 131 3575 1334 3662; baseline -0.002 -20"><span class='ocrx_word' id='word_1_207' title='bbox 131 3580 163 3642; x_wconf 92' lang='lat' dir='ltr'>et</span> <span class='ocrx_word' id='word_1_208' title='bbox 185 3579 368 3662; x_wconf 89' lang='lat' dir='ltr'>temporalis</span> <span class='ocrx_word' id='word_1_209' title='bbox 391 3581 535 3643; x_wconf 86' lang='lat' dir='ltr'>aeternus</span> <span class='ocrx_word' id='word_1_210' title='bbox 558 3578 659 3644; x_wconf 86' lang='lat' dir='ltr'>faetus</span> <span class='ocrx_word' id='word_1_211' title='bbox 683 3581 739 3644; x_wconf 90' lang='lat' dir='ltr'>est.</span> <span class='ocrx_word' id='word_1_212' title='bbox 786 3576 886 3643; x_wconf 83' lang='lat' dir='ltr'>Simul</span> <span class='ocrx_word' id='word_1_213' title='bbox 909 3579 940 3642; x_wconf 93' lang='lat' dir='ltr'>et</span> <span class='ocrx_word' id='word_1_214' title='bbox 962 3577 1132 3656; x_wconf 79' lang='lat' dir='ltr'>sciendum,</span> <span class='ocrx_word' id='word_1_215' title='bbox 1169 3578 1252 3659; x_wconf 86' lang='lat' dir='ltr'>quod</span> <span class='ocrx_word' id='word_1_216' title='bbox 1274 3575 1334 3642; x_wconf 91' lang='lat' dir='ltr'>etsi</span> 
     </span>
     <span class='ocr_line' id='line_1_27' title="bbox 131 3687 1333 3770; baseline -0.002 -16"><span class='ocrx_word' id='word_1_217' title='bbox 131 3691 244 3754; x_wconf 87' lang='lat' dir='ltr'>natura</span> <span class='ocrx_word' id='word_1_218' title='bbox 276 3688 378 3754; x_wconf 87' lang='lat' dir='ltr'>earnis</span> <span class='ocrx_word' id='word_1_219' title='bbox 410 3692 534 3754; x_wconf 88' lang='lat' dir='ltr'>nostrae</span> <span class='ocrx_word' id='word_1_220' title='bbox 566 3690 600 3754; x_wconf 90' lang='lat' dir='ltr'>in</span> <span class='ocrx_word' id='word_1_221' title='bbox 633 3688 756 3755; x_wconf 80' lang='lat' dir='ltr'>Christo</span> <span class='ocrx_word' id='word_1_222' title='bbox 790 3687 970 3770; x_wconf 88' lang='lat' dir='ltr'>temporalis</span> <span class='ocrx_word' id='word_1_223' title='bbox 1004 3691 1070 3768; x_wconf 89' lang='lat' dir='ltr'>est,</span> <span class='ocrx_word' id='word_1_224' title='bbox 1104 3691 1333 3753; x_wconf 79' lang='lat' dir='ltr'>sacramentum</span> 
     </span>
     <span class='ocr_line' id='line_1_28' title="bbox 132 3798 1334 3885; baseline -0.005 -15"><span class='ocrx_word' id='word_1_225' title='bbox 132 3803 238 3870; x_wconf 79' lang='lat' dir='ltr'>tamen</span> <span class='ocrx_word' id='word_1_226' title='bbox 270 3800 442 3885; x_wconf 89' lang='lat' dir='ltr'>personalis</span> <span class='ocrx_word' id='word_1_227' title='bbox 473 3800 596 3866; x_wconf 91' lang='lat' dir='ltr'>unionis</span> <span class='ocrx_word' id='word_1_228' title='bbox 633 3798 715 3866; x_wconf 88' lang='lat' dir='ltr'>inter</span> <span class='ocrx_word' id='word_1_229' title='bbox 748 3799 890 3865; x_wconf 89' lang='lat' dir='ltr'>Verbum</span> <span class='ocrx_word' id='word_1_230' title='bbox 924 3799 1079 3883; x_wconf 89' lang='lat' dir='ltr'>Verbique</span> <span class='ocrx_word' id='word_1_231' title='bbox 1116 3816 1240 3864; x_wconf 88' lang='lat' dir='ltr'>earnem</span> <span class='ocrx_word' id='word_1_232' title='bbox 1271 3818 1334 3865; x_wconf 93' lang='lat' dir='ltr'>non</span> 
     </span>
     <span class='ocr_line' id='line_1_29' title="bbox 132 3911 1334 3997; baseline -0.002 -19"><span class='ocrx_word' id='word_1_233' title='bbox 132 3931 239 3980; x_wconf 85' lang='lat' dir='ltr'>reeens</span> <span class='ocrx_word' id='word_1_234' title='bbox 273 3913 327 3977; x_wconf 87' lang='lat' dir='ltr'>sed</span> <span class='ocrx_word' id='word_1_235' title='bbox 360 3913 524 3997; x_wconf 92' lang='lat' dir='ltr'>antiquum</span> <span class='ocrx_word' id='word_1_236' title='bbox 545 3916 578 3978; x_wconf 88' lang='lat' dir='ltr'>et</span> <span class='ocrx_word' id='word_1_237' title='bbox 599 3915 762 3979; x_wconf 90' lang='lat' dir='ltr'>aeternum</span> <span class='ocrx_word' id='word_1_238' title='bbox 801 3916 858 3979; x_wconf 90' lang='lat' dir='ltr'>est.</span> <span class='ocrx_word' id='word_1_239' title='bbox 903 3912 985 3978; x_wconf 87' lang='lat' dir='ltr'>Hine</span> <span class='ocrx_word' id='word_1_240' title='bbox 1007 3911 1280 3992; x_wconf 84' lang='lat' dir='ltr'>Hieronymus</span> <span class='ocrx_word' id='word_1_241' title='bbox 1301 3911 1334 3975; x_wconf 93' lang='lat' dir='ltr'>in</span> 
     </span>
     <span class='ocr_line' id='line_1_30' title="bbox 132 4023 1332 4110; baseline -0.003 -20"><span class='ocrx_word' id='word_1_242' title='bbox 132 4042 274 4090; x_wconf 87' lang='lat' dir='ltr'>sermone</span> <span class='ocrx_word' id='word_1_243' title='bbox 297 4025 334 4090; x_wconf 89' lang='lat' dir='ltr'>de</span> <span class='ocrx_word' id='word_1_244' title='bbox 356 4024 572 4110; x_wconf 88' lang='lat' dir='ltr'>assumptione</span> <span class='ocrx_word' id='word_1_245' title='bbox 593 4023 623 4090; x_wconf 94' lang='lat' dir='ltr'>b.</span> <span class='ocrx_word' id='word_1_246' title='bbox 647 4023 764 4090; x_wconf 87' lang='lat' dir='ltr'>Mariae</span> <span class='ocrx_word' id='word_1_247' title='bbox 778 4025 816 4108; x_wconf 85' lang='lat'>1):</span> <span class='ocrx_word' id='word_1_248' title='bbox 865 4023 1022 4105; x_wconf 75' lang='lat' dir='ltr'>,Constat</span> <span class='ocrx_word' id='word_1_249' title='bbox 1055 4023 1166 4107; x_wconf 91' lang='lat' dir='ltr'>inquit,</span> <span class='ocrx_word' id='word_1_250' title='bbox 1206 4026 1332 4104; x_wconf 84' lang='lat' dir='ltr'>tempus</span> 
     </span>
     <span class='ocr_line' id='line_1_31' title="bbox 135 4130 1333 4220; baseline -0.006 -18"><span class='ocrx_word' id='word_1_251' title='bbox 135 4155 215 4214; x_wconf 90' lang='lat' dir='ltr'>,non</span> <span class='ocrx_word' id='word_1_252' title='bbox 238 4133 466 4220; x_wconf 85' lang='lat' dir='ltr'>praejudicasse</span> <span class='ocrx_word' id='word_1_253' title='bbox 489 4140 717 4202; x_wconf 79' lang='lat' dir='ltr'>sacramentum</span> <span class='ocrx_word' id='word_1_254' title='bbox 740 4137 853 4203; x_wconf 90' lang='lat' dir='ltr'>unitati</span> <span class='ocrx_word' id='word_1_255' title='bbox 874 4134 992 4202; x_wconf 90' lang='lat' dir='ltr'>homini</span> <span class='ocrx_word' id='word_1_256' title='bbox 1008 4136 1039 4199; x_wconf 93' lang='lat' dir='ltr'>et</span> <span class='ocrx_word' id='word_1_257' title='bbox 1054 4134 1121 4215; x_wconf 89' lang='lat' dir='ltr'>Dei,</span> <span class='ocrx_word' id='word_1_258' title='bbox 1144 4134 1189 4199; x_wconf 85' lang='lat' dir='ltr'>ita</span> <span class='ocrx_word' id='word_1_259' title='bbox 1211 4135 1248 4198; x_wconf 86' lang='lat' dir='ltr'>ut</span> <span class='ocrx_word' id='word_1_260' title='bbox 1264 4130 1333 4214; x_wconf 90' lang='lat' dir='ltr'>jam</span> 
     </span>
     <span class='ocr_line' id='line_1_32' title="bbox 136 4243 1332 4332; baseline -0.004 -18"><span class='ocrx_word' id='word_1_261' title='bbox 136 4250 238 4326; x_wconf 87' lang='lat' dir='ltr'>,esset</span> <span class='ocrx_word' id='word_1_262' title='bbox 252 4247 284 4311; x_wconf 95' lang='lat' dir='ltr'>in</span> <span class='ocrx_word' id='word_1_263' title='bbox 299 4247 353 4312; x_wconf 92' lang='lat' dir='ltr'>illo</span> <span class='ocrx_word' id='word_1_264' title='bbox 368 4266 423 4330; x_wconf 91' lang='lat' dir='ltr'>per</span> <span class='ocrx_word' id='word_1_265' title='bbox 437 4248 591 4313; x_wconf 89' lang='lat' dir='ltr'>unitatem</span> <span class='ocrx_word' id='word_1_266' title='bbox 606 4265 755 4332; x_wconf 86' lang='lat' dir='ltr'>personae</span> <span class='ocrx_word' id='word_1_267' title='bbox 770 4247 810 4313; x_wconf 92' lang='lat' dir='ltr'>ab</span> <span class='ocrx_word' id='word_1_268' title='bbox 824 4247 913 4313; x_wconf 90' lang='lat' dir='ltr'>initio</span> <span class='ocrx_word' id='word_1_269' title='bbox 937 4246 1061 4326; x_wconf 87' lang='lat' dir='ltr'>saeouli,</span> <span class='ocrx_word' id='word_1_270' title='bbox 1087 4246 1140 4328; x_wconf 93' lang='lat' dir='ltr'>qui</span> <span class='ocrx_word' id='word_1_271' title='bbox 1161 4244 1295 4310; x_wconf 78' lang='lat' dir='ltr'>necdum</span> <span class='ocrx_word' id='word_1_272' title='bbox 1306 4243 1332 4328; x_wconf 79' lang='lat'>²)</span> 
     </span>
    </p>
   </div>
   <div class='ocr_carea' id='block_1_6' title="bbox 235 4457 1237 4534">
    <p class='ocr_par' dir='ltr' id='par_1_6' title="bbox 235 4457 1237 4534">
     <span class='ocr_line' id='line_1_33' title="bbox 235 4457 1237 4534; baseline -0.007 -17"><span class='ocrx_word' id='word_1_273' title='bbox 235 4463 254 4534; x_wconf 84' lang='lat'>¹)</span> <span class='ocrx_word' id='word_1_274' title='bbox 273 4466 335 4519; x_wconf 85' lang='lat' dir='ltr'>edit.</span> <span class='ocrx_word' id='word_1_275' title='bbox 358 4459 513 4518; x_wconf 80' lang='lat' dir='ltr'>Frauoolort.</span> <span class='ocrx_word' id='word_1_276' title='bbox 546 4463 625 4518; x_wconf 75' lang='lat' dir='ltr'>roal.</span> <span class='ocrx_word' id='word_1_277' title='bbox 652 4467 710 4520; x_wconf 80' lang='lat' dir='ltr'>tom,</span> <span class='ocrx_word' id='word_1_278' title='bbox 736 4460 784 4516; x_wconf 90' lang='lat' dir='ltr'>lV.</span> <span class='ocrx_word' id='word_1_279' title='bbox 811 4476 869 4526; x_wconf 85' lang='lat' dir='ltr'>pag.</span> <span class='ocrx_word' id='word_1_280' title='bbox 895 4461 939 4514; x_wconf 80' lang='lat'>50.</span> <span class='ocrx_word' id='word_1_281' title='bbox 963 4488 992 4498; x_wconf 95' lang='lat'>-</span> <span class='ocrx_word' id='word_1_282' title='bbox 1017 4457 1036 4528; x_wconf 79' lang='grc' dir='ltr'>Ι)</span> <span class='ocrx_word' id='word_1_283' title='bbox 1055 4459 1096 4512; x_wconf 88' lang='lat' dir='ltr'>ed.</span> <span class='ocrx_word' id='word_1_284' title='bbox 1117 4457 1237 4510; x_wconf 84' lang='lat' dir='ltr'>nondum.</span> 
     </span>
    </p>
   </div>
   <div class='ocr_carea' id='block_1_7' title="bbox 0 0 1588 5190">
    <p class='ocr_par' dir='ltr' id='par_1_7' title="bbox 0 0 1588 5190">
     <span class='ocr_line' id='line_1_34' title="bbox 0 0 1588 5190; baseline 0 1"><span class='ocrx_word' id='word_1_285' title='bbox 0 0 1588 5190; x_wconf 95' lang='lat' dir='ltr'> </span> 
     </span>
    </p>
   </div>
  </div>
 </body>
</html>
