3158 5212
252 449 296 515 80

252 620 404 704 septimus
437 620 632 706 intelligitur,
655 621 688 685 in
711 639 771 705 quo
794 621 889 687 Pater
911 623 996 688 Deus
1026 621 1066 688 ab
1095 624 1181 689 omni
1205 644 1298 709 opere
1321 643 1377 690 suo
1402 645 1451 690 re-

253 731 378 814 quievit.
418 731 528 816 Igitur,
562 735 599 797 nt
620 733 721 800 dicere
744 733 916 819 coepimus,
951 734 1034 800 sicut
1062 737 1201 802 senarius
1229 739 1389 803 creaturae
1410 737 1458 801 ita

251 841 444 925 septenarius
478 843 627 909 creatoris
659 864 807 910 numerus
837 848 886 911 est
915 862 952 911 ac
986 846 1114 932 perinde
1144 850 1250 913 statua
1276 847 1331 912 illa
1361 864 1458 912 aurea

251 954 335 1017 recte
356 951 389 1016 in
412 951 462 1017 sui
477 952 642 1019 altitudine
655 971 691 1020 ac
705 954 871 1020 latitudine
886 957 1043 1020 senarium
1058 975 1121 1022 non
1136 956 1276 1038 excessit,
1300 957 1457 1040 siquidem

251 1057 392 1128 diabolus
415 1081 484 1128 eam
502 1064 541 1128 ad
561 1065 758 1131 seruiendum
777 1069 936 1132 creaturae
947 1067 1053 1151 potins
1067 1085 1161 1150 quam
1173 1067 1304 1134 creatori
1317 1062 1456 1149 erexit.¹)

736 1427 966 1485 XXXVII.

250 1553 296 1624 oe
318 1553 485 1642 regalibus
507 1551 633 1620 divitiis
655 1569 675 1619 a
696 1551 829 1638 regibus
851 1553 997 1621 eeclesiis
1020 1553 1149 1622 collatis
1164 1553 1207 1622 ad
1217 1573 1457 1643 sexagenorum

503 1664 684 1733 cubitorum
705 1663 913 1734 altitudinem
933 1664 1048 1754 templi
1069 1665 1211 1737 collatio.

356 1854 467 1938 Itaque
496 1853 571 1918 dum
601 1855 632 1916 et
658 1853 769 1939 templi
795 1852 927 1920 altitudo
956 1872 993 1919 aa
1021 1854 1154 1920 latitudo
1189 1874 1225 1920 ex
1253 1854 1455 1920 concessione

250 1981 360 2048 regum
381 1963 546 2048 gentilium
571 1983 624 2047 per
640 1982 808 2048 sexagenos
828 1966 949 2032 cubitos
967 1964 1104 2031 tenditur
1119 1983 1182 2030 non
1196 1965 1354 2032 immerito
1369 1965 1456 2032 idom

251 2076 468 2157 sexagenarius
490 2074 612 2164 animae
635 2075 843 2142 consideranti
866 2079 1029 2162 suspectus
1052 2080 1109 2157 est,
1139 2096 1178 2143 ne
1199 2076 1281 2144 sorte
1302 2077 1388 2144 illius
1408 2078 1456 2144 rei

248 2186 431 2268 portentum
464 2186 617 2267 extiterit,
650 2189 684 2253 in
716 2204 776 2272 qua
803 2187 873 2270 jam
905 2188 959 2253 diu
983 2186 1137 2253 laboravit
1167 2189 1296 2254 ecclesia
1323 2209 1359 2254 er
1391 2208 1454 2274 qno

248 2295 374 2379 regalia,
399 2315 476 2382 quae
498 2299 532 2364 in
555 2319 588 2366 ee
609 2299 749 2366 laborem
772 2299 886 2365 senarii
909 2299 1050 2366 obtinent
1071 2298 1303 2384 pontificalibus
1326 2319 1363 2366 ex
1376 2319 1453 2366 oon·

249 2409 388 2475 cessione
409 2428 520 2494 regum
542 2410 689 2494 adjuncta
712 2413 795 2493 sunt,
827 2413 864 2476 ut
886 2410 945 2477 hoo
968 2409 1020 2491 sit,
1048 2410 1203 2494 templum
1228 2429 1396 2496 sexagenos
1419 2412 1454 2478 in

249 2519 348 2585 altum
376 2524 407 2585 et
432 2521 532 2588 latum
565 2523 687 2590 cubitos
714 2543 751 2590 on
782 2523 980 2590 concessione
1002 2542 1114 2608 regum
1136 2523 1297 2608 accepisse
1318 2522 1455 2608 primor-
1481 2525 1483 2535 '

249 2630 339 2697 dialis
361 2631 509 2697 nimirum
531 2633 715 2716 altitudinis,
738 2653 818 2719 quae
832 2636 1038 2700 ducentorum
1053 2633 1165 2718 viginti
1184 2637 1251 2699 erat
1263 2631 1453 2714 cubitorum,

249 2741 415 2808 medietate
439 2743 561 2809 sublata
583 2744 744 2828 pontifices
767 2745 892 2831 regibus
916 2764 952 2811 ex
979 2744 1098 2810 eisdem
1124 2743 1280 2829 regalibus
1304 2743 1454 2810 obnoxios

249 2852 387 2918 existere.
413 2853 609 2920 Pontifioalia
630 2875 765 2941 namque
787 2857 958 2943 pastoralia
980 2860 1054 2922 sunt
1072 2855 1185 2940 etipsa
1203 2873 1293 2921 suam
1312 2856 1455 2940 requiem

251 2963 432 3030 obtinentia.
476 2964 566 3032 Unde
589 2987 702 3053 sponsa
736 2972 769 3035 in
804 2969 932 3035 canticis
967 2968 1160 3035 canticorum
1187 2985 1337 3052 sponsum
1361 2985 1458 3032 suum

251 3077 310 3142 sub
332 3078 525 3166 schemate2)
547 3081 683 3164 pastoris
707 3083 877 3166 alloquitur
900 3081 1019 3146 dicens:
1051 3081 1073 3149 J
1078 3079 1199 3146 ndica
1227 3077 1455 3162 mihiquem

249 3190 377 3275 diligit
398 3191 522 3257 anima
543 3210 632 3274 mea,
662 3191 728 3258 ubi
757 3193 894 3278 pascis,
916 3191 982 3258 ubi
1016 3193 1141 3259 cubas
1171 3191 1210 3256 in
1232 3187 1454 3275 meridie,³)

249 3301 426 3385 significans
448 3303 564 3387 inipso
586 3304 728 3385 pascendi
748 3304 850 3369 studio
868 3303 1069 3388 requietionis
1086 3302 1255 3387 spiritualis
1272 3300 1456 3367 accubitum

249 3431 311 3477 non
333 3413 450 3481 deesse.
493 3414 623 3500 Regalis
650 3433 722 3480 vero
753 3413 869 3480 laboris
894 3418 930 3481 ut
953 3433 1098 3481 curarum
1120 3413 1341 3499 temporalium
1361 3412 1457 3497 plena

250 3528 332 3605 sunt,
357 3544 434 3610 quae
457 3526 595 3610 requiem
611 3527 805 3611 spiritualem
829 3526 879 3591 vir
894 3529 950 3592 aut
968 3527 1146 3592 nullatenus
1161 3524 1340 3590 admittunt.
1362 3522 1456 3590 Unde

249 3638 280 3701 et
312 3636 448 3704 curiae
480 3657 590 3723 regum
622 3656 641 3702 a
669 3638 776 3704 curis
806 3639 855 3704 vel
881 3657 900 3703 a
928 3655 1074 3704 cruore
1101 3637 1202 3704 diotae
1233 3638 1316 3703 eunt.
1362 3635 1455 3717 Quod

247 3747 428 3831 patriarcha
456 3747 556 3816 Jacob
589 3767 670 3815 unus
704 3753 867 3834 pastorum
895 3751 1079 3816 notissimus
1112 3749 1306 3832 perpendens
1346 3745 1456 3812 fratris

248 3857 333 3924 Esau
354 3878 464 3944 regum
486 3861 596 3943 typum
617 3860 820 3944 praeferentis
843 3861 1010 3928 consilium
1032 3861 1200 3929 admittere
1221 3860 1323 3926 noluit
1347 3858 1457 3925 dicen·

248 3967 310 4035 tis:
347 3970 582 4055 gradiamur
620 3972 743 4039 simul
776 3976 814 4038 et
846 3992 911 4040 ero
949 3974 1095 4040 socius
1137 3972 1304 4039 itineris
1335 3968 1453 4059 tui.⁴)

352 4185 371 4255 ¹)
389 4187 441 4239 Hic
459 4189 562 4253 ponitur
581 4202 596 4238 a
615 4188 733 4240 Gretsmo
760 4187 848 4254 ,Finis
866 4188 1021 4242 Gorlrohiani
1042 4188 1243 4255 syntagmatie.“
1264 4186 1363 4251 Cetera,
1384 4203 1454 4256 quae

390 4282 542 4347 sequuntur,
561 4277 653 4331 desunt
671 4279 741 4346 apud
760 4280 914 4335 Gretserum.

350 4375 371 4446 ²)
389 4377 446 4432 cod.
466 4381 601 4430 comate.

349 4473 370 4545 8)
388 4473 457 4537 (iant,
479 4474 504 4530 1.
524 4473 549 4529 6.

349 4574 372 4644 ⁴)
392 4574 454 4630 Gen.
476 4573 520 4629 33.
541 4571 649 4630 1213.
