3168 5190
1248 434 1311 500 283

109 610 147 672 ut
161 606 342 694 lapidarent
356 628 428 676 eum
450 609 723 694 ipsoquediaento:
744 609 869 674 multa
891 607 993 674 bona
1014 625 1133 692 opera
1155 606 1319 674 ostendi

110 717 232 784 uobis
255 719 428 785 erPatre
450 738 548 800 meo,
569 722 735 803 propter
759 717 1015 803 quodhorum
1036 738 1092 783 me
1113 718 1316 802 lapidatis

109 828 158 894 illi
182 831 407 914 respondentes
430 832 586 898 dixerunt:
618 831 670 896 De
692 829 794 895 bono
829 847 946 913 opere
979 849 1056 895 nou
1091 831 1317 916 lapidamus

110 941 159 1020 te,
185 942 257 1007 sed
279 943 324 1008 de
345 941 605 1027 blasphemia,
628 945 667 1008 et
690 943 781 1025 quia
802 945 855 1020 tu,
878 941 992 1008 homo
1016 961 1099 1008 cum
1123 943 1191 1021 sis,
1216 940 1319 1007 facis

112 1053 154 1116 te
178 1052 313 1136 ipsum
335 1054 469 1119 Deum.
493 1053 544 1119 Ad
566 1055 648 1138 quod
669 1055 736 1138 ipse
758 1053 927 1138 respondit.
949 1052 1089 1119 Nonne
1112 1053 1318 1137 scriptum

113 1167 180 1228 est
200 1163 241 1229 in
263 1163 352 1249 lege
373 1169 528 1231 restra:
552 1182 621 1248 ego
645 1163 725 1228 dixi
747 1163 801 1227 dii
825 1165 958 1230 estis?
980 1163 1027 1227 lot
1050 1164 1083 1228 si
1105 1164 1194 1228 illos
1219 1162 1322 1228 dixit

112 1273 233 1355 Deos,
251 1276 298 1340 ad
321 1294 416 1359 quos
439 1294 567 1342 sermo
584 1275 650 1340 Dei
672 1274 805 1340 factus
828 1277 898 1355 est,
915 1275 1319 1359 etnonpotestsolvi

115 1371 337 1471 scriptura,
360 1407 465 1471 quem
489 1389 607 1454 Pater
629 1385 922 1467 sanctificavit,
949 1389 988 1452 et
1009 1386 1128 1450 misit
1149 1386 1186 1451 in
1208 1404 1317 1450 mun·

114 1495 216 1576 dum,
236 1515 304 1563 vos
320 1498 475 1565 dicitis:
498 1500 589 1583 quia
610 1497 873 1582 blasphemas,
890 1499 980 1582 quia
1002 1499 1092 1580 diri,
1116 1497 1232 1563 lilius
1248 1499 1320 1563 Dei

116 1609 232 1674 sum?
276 1608 314 1675 si
348 1629 430 1692 nou,
452 1609 557 1676 facio
581 1627 697 1694 opera
718 1610 851 1675 Patris
888 1609 969 1693 mei,
1005 1610 1124 1674 nolite
1157 1610 1320 1676 credere
1435 1695 1438 1703 .

116 1718 228 1801 mihi3
265 1723 302 1788 si
333 1726 461 1788 autem
486 1720 601 1802 secio,
633 1721 707 1787 etsi
735 1720 831 1786 mihi
864 1739 941 1792 non
975 1723 1100 1787 vultis
1134 1721 1316 1802 credere,

118 1831 312 1914 operibus
347 1833 516 1912 credite,
552 1832 648 1916 qnia
679 1851 748 1917 ego
784 1831 1161 1899 inPatreetPater
1192 1835 1229 1898 in
1262 1853 1320 1899 me

118 1947 192 2011 est.
208 1945 233 2024 ¹)
276 1943 359 2026 Quid
381 1942 552 2008 euidentius
574 1943 614 2008 ad
636 1960 771 2022 causam,
806 1943 880 2026 quid
911 1941 1044 2009 lucidius
1066 1943 1106 2008 ad
1127 1941 1321 2010 intellectum

119 2055 182 2120 dici
204 2054 329 2140 potuit?
372 2054 419 2119 De
439 2053 566 2118 homine
589 2053 671 2118 enim
693 2052 834 2136 quaestio
869 2052 1047 2137 agitabatur
1072 2056 1103 2119 et
1123 2051 1156 2118 in
1177 2053 1322 2139 blasphe-

119 2167 218 2232 miam
239 2164 452 2252 reputabatur,
476 2164 558 2249 quod
579 2181 612 2228 se
634 2181 704 2228 cum
726 2163 819 2230 homo
843 2167 925 2230 esset
946 2163 1049 2229 Deum
1071 2162 1197 2231 laceret.
1219 2165 1260 2230 itt
1283 2166 1321 2232 de

120 2275 247 2343 homine
269 2278 493 2360 consequenter
519 2275 613 2340 etiam
635 2274 703 2359 ipse
725 2276 894 2360 respondit.
939 2275 1035 2343 Cassa
1058 2276 1140 2340 enim
1161 2279 1320 2361 responsio

120 2385 243 2468 fuscet
268 2387 295 2452 si
316 2388 355 2452 ds
377 2386 512 2453 hominis
536 2384 639 2450 Deum
672 2403 705 2450 so
728 2385 870 2453 facientis
903 2389 1155 2472 praesumptione
1177 2390 1321 2474 pulsatus

123 2498 161 2564 de
182 2497 280 2565 Verbi
301 2497 463 2564 diuinitate
495 2497 562 2582 ipse
594 2497 814 2580 respondisset.
861 2498 961 2566 Simul
984 2504 1015 2566 et
1036 2501 1177 2566 homiues
1200 2501 1232 2564 in
1252 2502 1321 2586 lege

122 2609 205 2676 Deos
222 2608 320 2675 dictos
335 2609 367 2674 in
382 2609 596 2676 testimonium
611 2611 659 2675 uel
674 2613 894 2695 argumentum
915 2611 1041 2676 adducit
1063 2611 1103 2676 ad
1126 2630 1203 2696 quos
1219 2630 1319 2678 sermo

124 2721 183 2787 Dei
203 2719 307 2786 factus
330 2725 387 2801 est,
422 2721 504 2805 quod
535 2739 598 2786 non
620 2720 730 2786 debeat
750 2721 782 2785 in
805 2720 1033 2806 blasphemiam
1055 2723 1203 2808 reputari,
1238 2724 1322 2807 quod

127 2831 192 2916 ipse
212 2831 305 2897 homo
327 2852 382 2917 per
403 2834 529 2899 Patrem
547 2832 580 2896 in
595 2831 700 2898 Deum
722 2833 934 2899 sanctificatus
957 2836 1054 2899 estet
1076 2834 1127 2898 eui
1149 2835 1320 2900 secundum

125 2944 277 3012 lobannis
299 2944 463 3030 Baptistae
498 2942 713 3010 testimonium
733 2944 859 3028 spiritus
881 2962 944 3010 non
965 2946 1003 3010 ad
1026 2962 1205 3012 mensuram
1228 2947 1320 3012 datus

126 3060 181 3136 est,
206 3056 320 3140 quique
342 3056 380 3121 de
403 3056 487 3121 coelo
510 3057 636 3122 veniens
660 3074 754 3143 super
770 3074 877 3121 omnes
894 3058 951 3136 est,
976 3060 1058 3123 recte
1080 3057 1112 3121 iu
1134 3058 1187 3123 illo
1210 3061 1322 3123 natura

125 3173 232 3235 nostra
254 3167 320 3234 sine
342 3185 487 3233 mensura
503 3169 630 3252 spiritns
647 3169 745 3234 ditata
760 3167 855 3234 etiam
870 3167 903 3233 in
924 3169 1109 3234 exaltatione
1131 3186 1187 3234 sua
1201 3170 1322 3234 nullum

126 3296 199 3345 suas
221 3277 450 3345 sublimationis
473 3267 600 3345 modum
635 3280 737 3347 tenuit
758 3279 818 3344 nisi
840 3279 957 3345 aeterni
979 3281 1082 3345 Patris
1105 3283 1227 3365 recepta
1249 3301 1322 3348 con·

126 3409 214 3457 sessu
237 3389 304 3474 ejus
327 3390 445 3476 gloriae
478 3391 648 3457 sociaretur
664 3391 701 3462 ,in
723 3389 834 3455 throno
858 3388 946 3472 eujus
968 3392 1096 3457 naturae
1120 3391 1322 3475 copulabatur

126 3505 159 3569 in
179 3500 269 3567 rito.

578 3789 685 3856 cap.
705 3786 870 3842 XLIII.

127 3910 292 3980 lmmatnr
326 3911 406 3980 baec
439 3910 589 3981 doctrina
625 3909 812 3999 quibusdam
849 3909 1022 3980 sententiis
1055 3928 1096 3978 cx
1130 3908 1262 3998 seriptis
1295 3929 1322 3978 s.

555 4022 675 4090 llilarii
695 4020 903 4111 depromptis.

230 4181 400 4250 Videamus
424 4187 456 4252 et
476 4182 617 4250 Hilarius
651 4184 852 4252 Pictaviensis
877 4184 1037 4270 episcopus
1060 4186 1091 4250 et
1113 4181 1229 4250 Christi
1250 4199 1324 4248 con·

127 4297 228 4363 sessor
249 4295 379 4362 eximius
401 4315 438 4364 ac
460 4295 626 4380 singularis
659 4296 807 4363 scientiae
828 4298 950 4381 lampas
973 4296 1011 4362 de
1035 4294 1152 4364 Christi
1173 4291 1323 4359 clarifica·

230 4508 250 4582 ¹)
268 4511 340 4568 Joau.
361 4510 404 4566 10.
424 4508 540 4566 32-38.
