3172 5202
260 422 323 488 160

260 610 409 678 eoporum
429 591 610 676 dignaretur
632 589 794 656 ostendere
816 590 865 655 rel
887 582 1010 671 objecta
1024 586 1168 672 negando
1184 588 1242 668 vel,
1259 602 1339 672 quae
1356 584 1476 671 negari

260 723 324 772 non
344 705 486 789 possunt,
504 701 591 786 juste
614 700 698 769 laete
720 698 960 785 comprobando.

685 1040 797 1109 Gap.
816 1038 1048 1095 Lxxxn.

484 1163 564 1232 'lres
586 1181 657 1232 esse
678 1163 790 1252 partes
812 1162 847 1232 in
870 1161 1044 1232 schismate
1065 1159 1242 1250 praesenti.

362 1353 451 1436 Quod
473 1351 547 1436 quie
568 1351 706 1417 nondum
739 1354 790 1418 est
811 1350 931 1418 fastum
952 1369 1017 1417 non
1038 1350 1143 1416 solum
1175 1346 1322 1416 bifariam
1357 1346 1414 1414 ssd
1437 1351 1475 1414 et

262 1463 416 1532 trifariam
448 1464 600 1531 scinditur
631 1463 761 1531 eoeleste
781 1463 850 1544 Dei,
886 1462 956 1530 aliis
978 1459 1029 1548 (ut
1050 1461 1170 1528 dietum
1191 1456 1255 1546 est)
1276 1457 1472 1540 llemndro,

263 1574 333 1642 aliis
348 1575 468 1642 Victori
490 1573 677 1654 ferentibus,
701 1573 802 1640 tertiis
824 1592 897 1640 uero
919 1577 1066 1639 neutmm
1080 1567 1302 1654 desipientibus
1325 1569 1375 1634 vel
1392 1585 1475 1636 oon·

265 1689 385 1762 stanter
407 1685 663 1774 reprobantibus,
687 1687 742 1754 sed
763 1686 934 1772 pleniorem
955 1684 1057 1752 adhue
1079 1699 1193 1752 oausae
1214 1681 1379 1766 utriusque
1401 1679 1474 1747 dis-
1577 1682 1578 1710 ¹

263 1797 440 1866 eussionem
470 1796 679 1883 sperantibus,
717 1815 813 1882 quam
833 1796 952 1881 absque
972 1794 1103 1862 oonsilio
1136 1793 1274 1880 generali
1295 1811 1332 1859 ex
1353 1811 1471 1876 regum

263 1908 460 1977 sonniumtia
483 1912 652 1976 convocato
674 1907 743 1975 fieri
764 1927 827 1976 non
841 1926 935 1994 posse
949 1905 1151 1974 arbitrantur.
1174 1905 1217 1974 nt
1232 1909 1315 1987 sunt,
1338 1907 1376 1970 ut
1395 1903 1473 1984 dixi,

264 2023 329 2086 tres
351 2022 456 2104 partes
478 2020 571 2086 unius
586 2019 733 2086 eeclesiae
747 2018 922 2086 romeissee
936 2037 975 2086 ee
989 2019 1183 2100 dilaceratae,
1207 2015 1474 2103 quemadmodum

264 2131 419 2216 seriptum
434 2131 483 2197 est
496 2131 530 2196 in
543 2131 724 2216 apocalypsi
745 2130 908 2211 iohannis,
933 2130 1080 2216 quoniam
1100 2129 1212 2198 laeta
1233 2133 1297 2197 est
1318 2128 1474 2196 divites

265 2242 304 2307 in
326 2245 413 2308 tres
434 2244 611 2327 partes.¹)
656 2240 816 2325 Siquidem
845 2244 877 2308 et
897 2242 1084 2328 ungaricum
1116 2259 1250 2327 regnum
1270 2240 1304 2307 in
1325 2257 1363 2307 ea
1383 2245 1476 2325 parte

266 2355 315 2419 est
336 2352 509 2433 hominum,
533 2356 586 2440 qni
607 2354 747 2422 nondum
768 2355 851 2420 hune
867 2353 1020 2422 velillum
1035 2355 1228 2437 receperunt,
1250 2351 1324 2436 quie
1344 2354 1475 2418 mortno

266 2483 340 2550 rege
362 2483 418 2531 suo
432 2464 468 2548 ²),
490 2467 545 2550 qui
566 2468 745 2551 susceperat
758 2464 979 2545 Alexandrum,
991 2483 1048 2552 per
1068 2463 1128 2530 hoo
1149 2462 1191 2529 ab
1211 2462 1282 2549 ipso
1294 2462 1476 2530 Alexandro

267 2580 473 2658 recesserunt,
495 2577 577 2661 quod
600 2575 879 2663 Arahiepisoopum
915 2595 970 2661 per
992 2575 1059 2660 ejus
1081 2575 1202 2661 legates
1224 2573 1363 2645 firmauit
1376 2576 1402 2662 ι)
1423 2597 1477 2644 re-
1579 2631 1580 2636 ,

267 2686 490 2772 probaverunt,
513 2687 609 2754 etiem
630 2707 704 2774 rege
725 2707 806 2755 novo
820 2688 866 2755 ibi
880 2690 1017 2771 oreato⁴l
1037 2705 1120 2756 nove
1142 2688 1305 2756 molimine
1326 2689 1477 2757 diduntur

268 2799 447 2885 mihiquem,
472 2817 550 2885 ques
573 2818 723 2885 quorsum
744 2802 873 2868 tendant
895 2800 998 2869 adnuo
1019 2803 1192 2887 ignoratur.

369 2910 521 2978 Attamen
543 2911 615 2996 quia
636 2931 689 2978 rex
709 2911 762 2978 ille
783 2931 883 2980 novus
916 2933 973 3000 per
993 2932 1122 2980 uxorem
1143 2927 1288 3000 mearam
1300 2914 1327 3001 ⁶)
1361 2929 1476 2999 greeoo

268 3021 448 3106 imperatori
480 3021 610 3106 aliisque
641 3023 761 3107 graecis
784 3023 977 3111 principibus
1010 3025 1165 3093 elfinitete
1185 3023 1311 3111 innotus
1334 3028 1391 3107 est,
1414 3023 1477 3091 hoo

271 3131 496 3217 suspicandum
517 3132 719 3218 relinquitur,
754 3135 836 3220 quod
857 3136 940 3202 siout
962 3134 1073 3203 iireeei
1105 3154 1125 3203 a
1157 3135 1307 3204 Romanis
1342 3141 1474 3222 propter

270 3241 444 3323 avaritiam,
477 3246 516 3308 ut
536 3243 653 3324 disum,
691 3265 726 3311 se
743 3247 957 3313 alienaverunt
990 3247 1036 3314 sio
1058 3251 1091 3314 et
1112 3247 1233 3334 Ungari
1265 3267 1301 3314 se
1322 3247 1479 3334 inoipiunt

270 3353 415 3436 alienare,
438 3357 474 3420 ut
484 3355 587 3440 magis
608 3357 770 3441 magisque
792 3361 944 3442 augeatur
965 3359 1022 3425 ille
1042 3358 1192 3426 dissessio
1214 3375 1309 3442 quem
1322 3360 1480 3446 praedixit

270 3465 441 3550 apostolus,
480 3483 620 3551 quaeque
643 3466 718 3533 olim
739 3467 948 3554 praefigurata
970 3473 1019 3536 est
1040 3471 1154 3556 populo
1177 3471 1276 3538 isreel
1297 3471 1478 3539 diseedente

271 3594 289 3640 e
311 3576 404 3641 domo
430 3575 533 3643 David
554 3581 683 3663 propter
703 3577 913 3646 intolerabiles
937 3581 1112 3648 vexationes
1135 3599 1214 3666 ques
1234 3582 1337 3649 eidem
1359 3583 1475 3668 populo

271 3688 480 3754 comminatus
502 3691 551 3754 set
572 3687 714 3757 Roboam
735 3709 788 3756 rex
809 3689 907 3772 duda,
943 3689 1026 3758 filius
1049 3689 1236 3772 Salomonis,
1260 3691 1384 3761 diesne:
1406 3691 1481 3762 Mi·

274 3831 523 3843 *uu—a—

376 3907 383 3938 ¹
411 3921 483 3974 apoo.
504 3904 545 3959 16.
567 3903 611 3958 16.
632 3903 674 3958 19.

414 4005 489 4056 Notat
508 4003 587 4057 Stdlz.
607 4003 684 4057 Geise
703 4002 738 4057 11.
758 4007 776 4066 †
796 4002 875 4058 1161.
895 4003 940 4059 31.
960 4005 1025 4060 Mei.

415 4218 441 4269 p.
461 4200 525 4256 591.
544 4217 597 4254 ιιιο.
617 4200 663 4256 70.

375 4300 386 4333 ⁴
417 4300 496 4354 Stulz.
517 4299 640 4353 Ledisler
661 4299 741 4355 1162.
761 4299 806 4356 14.
826 4301 929 4353 iernen.

379 4401 385 4410 '
416 4399 487 4453 Stdlz
505 4399 640 4466 adjungit:
660 4399 772 4467 stephan
785 4397 832 4455 lv.
847 4400 1007 4454 vereheliolrt
1026 4403 1071 4455 unit
1091 4402 1185 4462 Mania,
1206 4399 1319 4458 Toehter
1337 4398 1384 4453 des
1403 4398 1481 4453 lsesk

417 4498 568 4561 Komuenus,
587 4497 693 4564 gekrdnt
712 4497 793 4566 1162,
812 4498 856 4555 11.
877 4498 1003 4554 Februar.

384 3903 394 3974 l

375 4001 395 4072 ²)

374 4099 396 4170 ⁸)
415 4102 561 4156 firmatum?
581 4102 651 4157 Vide
668 4104 743 4170 epist.
762 4101 819 4158 ΑΕ.
839 4101 987 4157 Eberhardi
1006 4104 1039 4156 ad
1059 4118 1125 4160 oum.
1147 4105 1250 4159 drotsor
1269 4103 1317 4172 Op.
1336 4103 1409 4158 rom.
1429 4101 1478 4157 vl.

387 4297 397 4368 l

378 4397 397 4468 ⁰)
