3168 5214
241 425 304 492 340

240 595 405 674 faciem,
429 614 535 662 nuno
558 613 759 678 cognosco
783 617 826 660 en
850 599 982 680 parte,
1007 599 1102 660 tunc
1125 598 1258 660 autem
1281 615 1457 680 cognos-

240 721 322 770 cam
344 706 456 772 sicut
478 708 514 771 et
533 705 724 789 cognitus
748 701 873 788 sum.1)
899 703 1080 770 Videbimus
1097 704 1230 769 incoelo
1255 705 1346 770 tertio
1370 704 1457 768 lacie

239 817 279 882 ad
300 816 413 882 faciem
434 817 455 882 i.
479 837 505 882 e.
528 817 748 897 indeficienter,
763 819 845 884 sicut
865 820 933 902 ipsa
950 825 998 883 est
1013 817 1203 897 indeficiens,
1226 818 1330 882 lucem
1352 819 1456 881 aeter-

240 945 313 994 nam
337 928 524 1014 sapientiam
540 944 559 991 a
573 927 633 992 fine
649 930 689 993 ad
704 927 798 994 linem
814 928 939 993 fortiter
960 927 1198 1012 pertingentem,
1224 945 1454 1012 cognoscemus

239 1043 271 1107 in
293 1041 439 1128 paradiso
472 1038 602 1104 eandem
625 1039 811 1122 sapientiam
832 1039 936 1106 Deum
960 1042 992 1105 et
1014 1039 1174 1106 Christum
1197 1039 1309 1106 Jeeum
1344 1041 1455 1106 omnia

239 1152 376 1218 suaviter
398 1151 615 1236 disponentem
648 1150 800 1234 nobisque
823 1152 967 1234 amplexu
991 1153 1125 1235 quodam
1147 1150 1371 1216 inaestimabili
1394 1170 1455 1235 pe-

238 1264 335 1330 radisi
367 1265 492 1330 delicias
514 1284 569 1348 per
593 1264 743 1346 Spiritum
777 1267 922 1330 sanetum
950 1263 1175 1342 infundentem,
1208 1280 1284 1346 quas
1308 1261 1453 1346 quinque

243 1378 382 1460 corporis
416 1377 517 1444 nostri
551 1377 728 1460 spirituales
765 1377 853 1459 quasi
887 1375 1022 1461 quinque
1051 1374 1186 1459 virgines
1210 1376 1305 1456 atque
1326 1372 1455 1438 animae

242 1506 352 1554 sensns
376 1486 587 1553 indeficienter
615 1503 652 1552 ac
674 1488 763 1570 plene
786 1487 939 1565 haurient,
961 1487 1045 1568 quod
1067 1490 1116 1550 est
1136 1484 1240 1567 ipsum
1263 1502 1456 1568 cognoscere

239 1599 333 1666 sicuti
355 1601 412 1665 est.
458 1598 546 1665 Sicut
568 1599 651 1663 enim
674 1598 745 1663 illae
767 1598 897 1662 deliciae
925 1596 1171 1662 inaestimabiles
1190 1603 1284 1678 atque
1307 1595 1454 1660 indefici-

238 1713 325 1776 entes
348 1713 430 1790 sunt,
450 1709 495 1775 sic
509 1708 780 1774 inaestimabiliter
795 1711 889 1791 atque
905 1707 1116 1773 indeficienter
1130 1706 1319 1784 hauriemus,
1332 1706 1452 1771 etenim

237 1820 302 1886 illic
321 1839 384 1888 non
407 1819 573 1886 satiabitur
596 1821 703 1884 oculus
726 1818 795 1884 visu
818 1837 875 1884 neo
896 1819 980 1882 auris
1003 1818 1121 1896 auditu,
1135 1836 1170 1882 eo
1194 1816 1276 1899 quod
1299 1816 1371 1880 illae
1394 1816 1452 1881 de-

237 1932 327 1997 liciae
360 1949 416 1996 nec
450 1949 528 1996 onus
551 1931 653 1997 ventri
673 1932 825 1997 inducunt
857 1950 914 1997 nec
941 1934 1061 1996 stereus
1084 1929 1263 1995 conficiunt.
1309 1927 1450 2013 Spiritus

238 2042 321 2108 enim
353 2046 402 2108 est
436 2041 521 2107 Deus
544 2041 640 2107 Pater
662 2045 693 2108 et
714 2041 813 2108 Filius
836 2045 918 2108 siout
948 2043 974 2106 is
1007 2060 1139 2124 quoque,
1173 2038 1227 2124 qui
1248 2037 1289 2104 ab
1311 2041 1450 2123 utroque

241 2153 390 2236 procedit,
415 2150 553 2238 Spiritus
577 2153 752 2233 amborum,
765 2172 827 2218 non
850 2154 952 2218 solum
965 2147 1111 2238 'Spiritus
1147 2151 1201 2216 sed
1223 2153 1254 2215 ot
1276 2149 1449 2234 spirituum

242 2264 372 2350 spiritus
396 2269 453 2344 est,
488 2264 636 2329 nimirum
669 2267 779 2348 potens
810 2283 870 2329 non
895 2265 997 2330 solum
1031 2281 1159 2346 corpora
1192 2262 1246 2328 sed
1270 2265 1302 2326 et
1323 2261 1448 2326 animas

242 2393 411 2458 omnesque
444 2375 571 2458 spiritus
594 2379 766 2460 penetrare,
802 2375 886 2458 quod
921 2374 1017 2440 solius
1040 2375 1100 2439 Dei
1131 2393 1200 2438 esse
1235 2374 1447 2458 cognoscitur.

241 2484 331 2552 Unde
354 2489 385 2552 et
407 2486 576 2572 spirituum
598 2485 829 2551 rationabilium
849 2485 989 2550 omnium
1012 2486 1098 2550 solus
1120 2485 1187 2567 ipse
1202 2485 1266 2549 vita
1282 2488 1339 2550 est.
1361 2483 1449 2549 Nam

242 2598 371 2681 angelus
405 2597 529 2681 quidem
563 2598 627 2662 sive
660 2597 760 2663 bonus
784 2597 849 2662 sive
871 2597 973 2661 malus
995 2597 1116 2681 ingredi
1149 2597 1274 2679 quidem
1296 2613 1447 2661 cavernas

252 2709 371 2793 orporis
390 2711 483 2788 valet,
507 2709 589 2774 sicut
611 2708 676 2773 vini
698 2726 820 2791 quoque
854 2725 952 2792 vapor
975 2711 1030 2771 aut
1052 2706 1147 2773 febris
1169 2707 1354 2790 ingreditur,
1377 2707 1448 2771 ani·

241 2838 327 2885 mam
348 2839 420 2886 roro
443 2821 563 2906 ingredi
586 2823 680 2904 atque
702 2820 830 2902 implere
853 2818 960 2897 solius,
984 2820 1020 2882 ut
1034 2817 1178 2897 diximus,
1201 2817 1260 2884 Dei
1276 2822 1323 2884 est
1338 2817 1446 2883 Patris

241 2934 275 2996 et
295 2931 367 2996 Filii
388 2935 482 3016 atque
505 2931 639 3015 Spiritus
663 2930 762 2996 sancti
783 2928 823 2994 ab
846 2934 978 3014 utroque
999 2929 1206 3014 procedentis.

344 4500 365 4570 1)
382 4501 404 4558 1.
425 4501 482 4557 oar.
502 4499 545 4554 13.
566 4498 600 4552 ra
