3172 5202
1270 353 1331 420 189

120 526 217 607 iecit,
242 525 336 592 etiam
358 522 528 590 secundum
549 519 653 601 ipsum
675 521 723 584 est
745 521 794 584 vel
813 520 846 584 in
867 520 927 585 hoc
948 522 1064 586 mundo
1087 523 1200 607 degens
1223 525 1273 590 rol
1295 543 1331 588 er

117 636 188 703 hoc
213 637 328 702 mundo
365 634 406 698 od
428 651 501 698 eum
523 631 677 696 transiens
710 633 759 696 uel
780 630 820 695 ab
843 632 965 696 exordio
988 634 1152 699 creationis
1176 651 1260 714 suae,
1294 640 1330 700 ut

120 751 206 814 sunt
228 748 339 833 angeli,
374 744 455 830 apud
474 744 580 828 ipsum
601 760 739 822 manens,
773 741 827 807 ubi
848 742 950 808 reddit
972 745 1001 809 ei
1021 763 1168 811 coronam
1185 745 1329 828 justitiae

113 858 234 943 justus
250 859 356 943 juder,
389 855 530 940 diligenti
562 855 662 939 primo
693 854 798 939 ipsum
828 854 866 918 do
888 855 955 918 toto
989 855 1070 937 quod
1104 859 1160 935 est,
1196 856 1280 942 sapit
1299 859 1332 922 et

119 974 258 1054 potost;
281 970 389 1035 deinde
423 969 542 1050 reliqua
576 967 716 1031 ordinata
739 965 867 1031 caritate
890 967 977 1030 tanto
1000 965 1132 1050 amplius
1155 967 1204 1032 vel
1225 967 1329 1034 minus

121 1085 247 1166 quanto
264 1081 397 1166 amplius
413 1080 462 1146 uel
477 1079 580 1144 miuus
603 1081 679 1144 sunt
699 1078 870 1142 secundum
891 1077 995 1161 ipsum
1011 1078 1092 1160 quod
1110 1097 1234 1164 semper
1248 1079 1331 1146 idem
1354 1082 1357 1086 '

121 1195 177 1259 est
199 1195 315 1279 ipsum.

230 1306 310 1370 Ecce
325 1321 487 1387 quousque
509 1301 559 1367 via
576 1303 607 1366 et
621 1302 735 1366 ueritas
752 1300 894 1368 Christus
906 1301 1044 1385 attingit.
1059 1301 1220 1366 Nimirum
1234 1318 1254 1366 a
1267 1301 1330 1369 fine

120 1434 227 1501 usquc
241 1415 282 1480 ad
296 1413 400 1494 finem,
415 1430 435 1478 a
450 1411 534 1477 fine
548 1415 621 1477 ante
637 1430 728 1496 quom
745 1411 823 1476 nihil
837 1409 906 1491 init,
923 1431 1047 1494 usque
1061 1413 1108 1478 ad
1122 1411 1140 1477 f
1143 1411 1245 1479 inem
1259 1416 1331 1497 post

120 1546 220 1611 quem
234 1525 313 1591 nihil
326 1525 395 1590 erit.
417 1523 504 1590 Finis
520 1523 603 1588 enim
617 1523 669 1588 ille
685 1526 770 1587 earet
784 1522 854 1602 fine,
878 1541 934 1588 noo
950 1526 1022 1588 ante
1036 1522 1155 1588 habens
1177 1542 1233 1590 neo
1248 1527 1329 1609 post.

118 1640 152 1706 A
166 1637 230 1704 fine
259 1637 292 1702 in
306 1637 401 1720 vorho
417 1636 639 1720 praescientiae
654 1634 794 1700 omnium
810 1639 842 1701 ot
855 1637 1146 1720 praedestinationis
1161 1638 1331 1703 electorum

115 1751 286 1818 hominum
305 1757 337 1817 et
350 1749 532 1832 angelorum
553 1766 652 1831 usquo
666 1747 706 1812 ad
720 1747 814 1812 finem
836 1747 1112 1814 consummationis
1128 1750 1324 1815 cunctorum.

120 1863 237 1946 Neque
269 1861 352 1927 enim
386 1860 447 1925 alia
480 1861 530 1926 vel
552 1859 606 1924 alii
636 1879 693 1944 per
728 1859 916 1924 creationem
948 1860 998 1924 vel
1031 1859 1264 1944 generationem
1296 1861 1329 1926 in

119 1974 278 2038 mundum
301 1973 451 2037 uenemnt
471 1973 526 2035 aut
548 1970 580 2034 in
603 1989 670 2036 esse
693 1971 876 2056 prodierunt
890 1971 940 2036 uel
954 1971 1115 2054 prodeunt,
1141 1989 1234 2055 quam
1249 1990 1330 2056 quas

119 2088 196 2150 ante
226 2085 379 2148 mundum
401 2083 434 2148 in
458 2082 561 2148 Verbo
594 2082 747 2167 praescita
782 2085 856 2148 sunt
888 2085 944 2147 aut
974 2082 1027 2146 alii
1049 2083 1328 2150 consummationis

119 2195 234 2262 boatum
257 2196 423 2280 participes
446 2197 546 2276 erunt,
581 2213 674 2278 quam
710 2194 762 2278 qui
784 2195 817 2258 in
836 2195 944 2260 eadem
966 2193 1106 2273 ueritate,
1141 2211 1219 2279 quae
1242 2195 1330 2263 Chri·

121 2311 194 2397 Stus
216 2305 356 2374 Verbum
378 2308 435 2387 est,
469 2305 617 2391 praesciti
640 2309 671 2371 et
692 2306 915 2388 praedestinati
935 2305 1146 2371 inueniuntur.
1190 2305 1279 2373 Unde
1297 2309 1330 2373 et

120 2419 353 2498 coronantes,
377 2416 552 2507 quaeipsis
575 2417 723 2498 redditur,
748 2435 897 2482 corona
914 2415 1146 2504 justitiae1)
1166 2417 1279 2485 dicitur
1298 2424 1330 2486 et

121 2531 181 2616 qui
205 2548 276 2596 eam
297 2529 400 2595 reddit
432 2529 538 2594 Deus
568 2528 707 2612 justus
725 2528 850 2612 juder
871 2533 1009 2609 uocatur,
1043 2530 1193 2596 nimirum
1209 2530 1328 2614 justus,

122 2641 199 2724 quia
223 2643 350 2706 sanctus
373 2643 406 2708 et
426 2659 518 2706 uerus
552 2644 646 2724 atque
675 2642 708 2706 in
729 2641 937 2725 promissione
970 2661 1024 2707 seu
1046 2641 1329 2726 praedestinatione

121 2772 183 2820 sua
200 2753 392 2838 justificatus
425 2755 458 2818 ct
489 2752 547 2818 erit
576 2751 719 2836 justitiae
741 2770 863 2832 corona,
899 2751 971 2835 quia
994 2771 1030 2817 ex
1051 2752 1259 2838 promissione
1292 2771 1329 2819 ac

119 2865 405 2950 praedestinatione
437 2865 566 2946 reddita,
601 2883 662 2928 non
686 2863 757 2948 quia
779 2883 837 2928 nos
860 2863 1031 2928 meruimus
1064 2863 1119 2930 sed
1141 2863 1215 2948 quia
1235 2883 1329 2930 verax

121 2981 184 3058 est,
208 2977 260 3061 qui
281 2976 435 3061 promisit,
458 2975 553 3041 Deus
598 2975 683 3039 Nam
704 2975 763 3040 etsi
785 2975 888 3058 aliqua
909 2977 1017 3040 nostra
1039 2979 1112 3041 sunt
1135 2976 1255 3057 merita,
1278 2980 1330 3042 ut

120 3091 199 3174 pote
220 3090 365 3153 uoluntas
388 3085 485 3152 libera
510 3087 629 3170 gratiae
652 3086 787 3152 trahenti
810 3086 894 3151 etin
916 3085 1005 3152 nobis
1028 3105 1064 3152 ac
1085 3108 1140 3171 per
1162 3107 1218 3153 nos
1256 3107 1330 3172 ope·

120 3201 208 3265 ranti
223 3202 438 3280 consentaneo,
462 3199 546 3280 prior
561 3182 668 3263 tamen
690 3201 739 3263 est
753 3199 951 3281 praeveniens
967 3217 1023 3263 nos
1039 3199 1327 3282 praedestinationis

120 3311 235 3395 gratia.
270 3311 317 3377 De
350 3328 411 3394 qua
445 3309 631 3374 Psalmista:
676 3311 716 3374 ut
749 3310 1060 3391 misericordia,
1097 3309 1207 3393 inquit,
1244 3309 1328 3393 ejus

120 3422 365 3506 praeveniet
387 3424 484 3504 mel)
522 3421 606 3486 Nam
628 3424 660 3486 et
681 3420 893 3487 misericordia
915 3421 1043 3486 Domini
1062 3419 1102 3484 ab
1124 3423 1249 3486 aeterno
1272 3441 1326 3486 us-

122 3550 184 3614 que
204 3531 237 3596 in
258 3535 419 3597 aeternum
441 3553 534 3615 super
557 3532 701 3597 timentes
724 3551 810 3610 eum;
833 3530 873 3595 ab
895 3535 1020 3596 aeterno
1036 3531 1326 3614 praedestinationis

122 3661 223 3724 usque
246 3643 279 3706 in
301 3647 463 3708 aeternum
484 3643 778 3723 consummationis,
801 3662 900 3725 neque
923 3643 1005 3707 enim
1028 3643 1077 3706 uel
1099 3645 1326 3712 consummatio

122 3748 242 3835 absque
264 3752 369 3817 divina
391 3753 590 3820 miseratione
613 3755 658 3820 fit.
703 3754 792 3820 Unde
814 3754 859 3819 ait
880 3754 956 3819 item
978 3754 1100 3818 animae
1122 3772 1212 3820 suae:
1246 3756 1325 3838 Qui

122 3867 294 3929 coronat
316 3867 355 3930 te
376 3865 416 3930 in
439 3866 725 3932 misericordia
744 3869 780 3930 et
802 3865 1188 3948 miserationibus.³)
1212 3866 1272 3933 Sed
1295 3870 1327 3932 et

118 3971 244 4058 justitia
266 3975 361 4056 illius,
396 3995 476 4059 quae
497 3980 529 4042 ct
550 3979 674 4059 ueritas,
707 3979 740 4043 in
773 3978 854 4044 tilios
876 3978 1013 4043 filiomm
1046 3979 1065 4044 i.
1101 4000 1126 4046 e.
1160 3981 1193 4045 in
1217 3999 1325 4047 omnes

123 4087 340 4170 generationes
357 4107 449 4172 super
467 4088 613 4156 timentes
636 4110 717 4156 eum.
740 4090 862 4175 Ubique
884 4089 1095 4155 misericordia
1117 4092 1149 4155 et
1171 4087 1325 4172 uentas‘)

124 4198 339 4285 principaliter
361 4215 433 4266 vero
454 4198 488 4265 in
509 4199 644 4266 Domino
673 4203 781 4267 nostro
802 4201 881 4270 Jesu
900 4200 1023 4269 Christo
1046 4198 1173 4266 obviant
1195 4198 1255 4266 sibi
1272 4197 1326 4282 ju-

223 4435 242 4512 1)
261 4435 299 4491 11.
319 4438 385 4492 rum.
405 4435 432 4492 4.
452 4436 478 4492 a.
543 4435 564 4508 ²)
583 4435 625 4490 ss.
644 4434 688 4491 ss.
709 4435 751 4490 11.
766 4465 798 4475 -
813 4431 835 4505 ³)
854 4435 897 4490 ss.
922 4434 981 4490 roa.
1004 4433 1030 4490 4.
1058 4463 1087 4473 -
1110 4431 1133 4504 ⁴)
1152 4433 1195 4490 as.
1215 4432 1259 4489 ss.
1281 4433 1324 4492 ιι,
