3158 5212
1351 401 1370 465 'l

154 577 307 644 crebrius
340 579 374 644 in
407 581 554 646 oratione
576 579 756 665 perdurans
778 580 878 648 etiam
900 580 971 664 ipse
993 578 1124 644 divinae
1161 579 1195 643 in
1232 598 1268 645 se
1305 579 1371 653 ole-

155 683 305 750 mentiae
328 685 413 750 inter
435 692 544 751 cetera
566 685 694 769 signum
721 684 788 750 tale
810 683 983 768 acceperit.
1026 683 1108 748 Erat
1129 689 1204 768 post
1225 684 1371 749 laborem

154 793 393 854 nocturnarum
425 788 611 873 vigiliarum
644 786 761 853 sedens
783 786 827 853 ad
848 786 950 874 pedes
974 786 1126 853 crucifixi
1159 785 1194 852 in
1226 785 1370 872 capitulo

154 893 297 958 claustri
331 891 481 977 dulcique
515 912 631 977 sopore
664 900 845 977 soporatus,
884 892 973 975 quali
996 911 1031 957 se
1053 891 1088 957 in
1110 893 1245 959 canticis
1268 891 1371 957 canti·

153 1015 273 1062 eorum
295 1017 416 1084 sponsa
438 999 597 1088 gloriatur
619 1005 818 1082 soporatam:
840 1016 934 1080 ego,
969 998 1127 1082 inquiens,
1152 995 1308 1062 dormio
1331 1001 1372 1060 et

155 1120 228 1166 cor
250 1121 380 1167 meum
402 1099 592 1187 vigilat,¹)
637 1121 709 1167 oum
743 1119 818 1166 ecoe
839 1102 948 1168 subito
986 1101 1091 1168 factus
1129 1106 1179 1167 est
1209 1119 1307 1168 sonus
1330 1098 1371 1164 de

153 1206 252 1271 coelo
275 1211 442 1290 tamquam
475 1205 679 1273 advenientis
701 1204 834 1291 spiritus
857 1224 916 1272 seu
937 1206 1027 1273 venti
1048 1204 1289 1288 vehementis,²)
1314 1203 1370 1289 qui

153 1309 279 1376 leniter
301 1311 432 1394 quidem
471 1312 630 1397 incipiens
651 1311 686 1376 in
708 1307 814 1392 majus
843 1331 883 1378 ao
904 1311 1011 1395 majus
1034 1311 1200 1378 crescebat
1221 1311 1304 1392 loco,
1335 1308 1370 1374 in

155 1433 225 1497 quo
249 1420 322 1481 erat
337 1416 464 1497 sedens,
481 1415 713 1501 adproximans
735 1414 832 1500 inque
855 1417 926 1501 ipso
951 1436 1030 1482 sono
1045 1415 1247 1482 lucidissima
1269 1431 1367 1500 quae·

154 1516 237 1583 dani
260 1519 445 1586 substantia
467 1520 560 1603 quasi
597 1520 757 1585 talentum
778 1520 850 1586 auri
871 1521 1026 1606 liquentis
1049 1519 1212 1586 fenestrae
1233 1520 1369 1600 vitreae,

154 1641 244 1706 quae
269 1622 370 1709 capiti
391 1623 537 1690 sedentis
559 1630 631 1690 crat
653 1623 816 1708 contigua,
851 1623 979 1690 fortiter
1011 1624 1155 1710 impacta
1177 1628 1228 1689 est
1249 1641 1371 1708 perque

154 1725 267 1811 ipsam
305 1727 490 1812 fenestram,
529 1729 657 1812 integro
679 1736 891 1814 permanente
913 1731 1008 1812 vitro,
1046 1729 1195 1813 ingressa
1217 1727 1370 1794 continuo

154 1832 308 1898 velutin
330 1839 458 1900 atomos
474 1833 619 1899 resoluta
630 1833 770 1918 replevit
792 1838 896 1900 totam
918 1834 1049 1900 domum
1070 1833 1127 1899 ubi
1150 1837 1221 1898 erat
1242 1830 1371 1897 sedens.

154 1937 289 2004 Deinde
322 1959 381 2024 per
413 1959 510 2024 poros
544 1938 672 2023 corpori
694 1937 838 2004 sedentis
860 1939 952 2004 illabi
975 1937 1090 2004 eadem
1124 1938 1217 2021 quasi
1249 1934 1371 2001 nebula

155 2042 268 2127 coepit
290 2043 362 2127 ipso
385 2044 534 2110 nimirum
557 2044 640 2108 bene
663 2043 822 2107 sentiente
845 2050 878 2109 et
901 2043 1042 2128 gratiam
1056 2040 1270 2127 ingredientis
1292 2059 1369 2106 sua·

154 2146 273 2213 vitatis
296 2146 487 2231 admirante,
512 2148 615 2214 donec
638 2152 742 2212 totum
764 2148 1005 2232 receptaculum
1026 2147 1169 2232 corporis
1185 2151 1218 2211 et
1240 2143 1369 2210 animae

155 2250 248 2317 illius
260 2253 421 2336 repletum
444 2260 494 2319 est
517 2252 695 2334 eademque
718 2251 930 2336 plenitudinis
953 2253 1062 2336 gratia
1083 2272 1148 2317 non
1170 2270 1272 2335 parvo
1294 2253 1370 2336 post

154 2361 306 2440 tempore
339 2357 518 2441 permansit
551 2357 622 2441 ipso
656 2374 766 2420 secum
797 2357 844 2421 rei
878 2364 1030 2423 eventum
1058 2356 1250 2436 admirante,
1285 2354 1369 2419 siout

155 2461 397 2545 scriptumest:
421 2467 461 2526 et
482 2461 525 2526 in
546 2458 815 2546 plenitudine
852 2470 1002 2528 sancta
1032 2459 1325 2529 admirabitur.
1340 2456 1367 2545 ³)

156 2567 268 2650 Atque
291 2573 328 2632 ut
350 2568 397 2632 ait
420 2566 460 2631 de
483 2586 519 2632 se
541 2566 695 2632 videlicet
711 2570 818 2630 terrae
834 2566 1022 2650 explorator
1037 2568 1138 2633 Josue
1156 2567 1226 2650 jam
1248 2563 1368 2630 aetatis

156 2670 410 2737 annoshabens
448 2671 615 2754 octoginta
649 2671 800 2754 quinque,
834 2671 987 2753 quoniam
1020 2671 1139 2738 illius
1173 2667 1368 2755 temporis

156 2774 382 2858 fortitudo,
407 2777 568 2858 quando
590 2775 641 2840 ad
663 2771 966 2858 explorandum
990 2777 1146 2843 missus
1170 2796 1252 2842 sum
1273 2795 1367 2860 per·

154 2886 308 2961 manet,
341 2881 463 2966 inquit,
496 2885 535 2948 in
561 2901 619 2947 me
649 2898 781 2961 usque
812 2880 934 2947 hodie
957 2887 1034 2949 tam
1056 2880 1106 2948 ad
1128 2879 1368 2947 bollandum

157 3001 273 3064 quam
296 2984 344 3050 ad
367 2985 654 3069 gradiendum,
670 2983 703 3072 4)
741 2984 789 3050 ita
810 2992 844 3051 ct
866 2985 907 3050 de
929 2985 990 3051 hoc
1012 2984 1224 3071 philochristo
1258 2983 1367 3049 dicere

157 3105 303 3170 possum,
338 3090 393 3173 qui
424 3098 457 3157 et
485 3092 556 3176 ipse
579 3090 622 3157 ad
645 3087 880 3176 explorandam
901 3095 1022 3155 terram
1043 3090 1223 3157 viventium
1256 3086 1368 3155 diuina

158 3189 350 3275 dignatione
373 3196 484 3261 taliter
506 3195 667 3263 admissus
684 3200 742 3275 est,
767 3193 920 3276 quoniam
935 3195 1023 3261 illius
1038 3193 1193 3279 temporis
1209 3190 1366 3259 fortitudo

158 3305 330 3379 permanet
352 3299 386 3364 in
421 3301 494 3385 ipso
531 3321 634 3385 usque
655 3299 752 3365 hodie
775 3303 843 3363 tam
865 3298 909 3364 ad
930 3299 1118 3365 bellandum
1140 3304 1253 3363 contra
1285 3296 1368 3363 vitia

159 3400 213 3465 vel
235 3401 371 3470 vitiosos
405 3425 502 3488 qnam
535 3405 579 3471 ad
601 3403 814 3489 gradiendum
836 3404 870 3468 in
893 3404 1056 3470 exercitiis
1088 3402 1311 3488 spiritualibus
1334 3409 1368 3470 et

161 3505 308 3571 ambulat
330 3527 432 3591 usque
456 3509 562 3575 adhuc
584 3510 619 3574 in
640 3509 831 3576 fortitudine
854 3509 918 3574 cibi
940 3508 1028 3575 illius
1050 3528 1186 3594 sperans
1208 3528 1243 3575 se
1266 3508 1366 3575 etiam

159 3607 194 3674 in
227 3608 370 3676 futurum
404 3612 519 3678 eadem
552 3614 660 3697 gratia
692 3635 758 3679 non
791 3613 897 3679 deseri
930 3633 1032 3697 usque
1065 3613 1142 3680 dum
1178 3613 1290 3680 veniat
1322 3614 1366 3680 ad

158 3721 302 3779 montem
317 3715 388 3782 Dei.
411 3716 505 3782 Alius
528 3718 627 3783 etiam
650 3689 782 3801 quidam
797 3716 981 3803 theophilus
990 3715 1018 3805 ⁶)
1041 3717 1106 3783 alio
1129 3716 1261 3783 vidente
1283 3718 1366 3785 etin

159 3817 285 3884 visione
312 3820 445 3886 coelesti
467 3811 650 3888 admirante
683 3823 776 3905 quasi
799 3822 869 3888 oleo
892 3823 1028 3904 calente,
1053 3821 1151 3887 coelis
1173 3840 1366 3907 supereum

264 4051 283 4121 ¹)
302 4050 373 4108 Cant.
394 4053 419 4106 5.
440 4053 467 4108 2.

261 4152 282 4216 ²)
304 4149 376 4204 conf.
397 4151 440 4204 Pe.
461 4150 504 4205 54.
524 4153 576 4206 Pez
597 4156 661 4206 thes
682 4155 799 4210 anecdot.
818 4156 911 4210 noviss.
925 4158 984 4208 tom.
995 4155 1028 4211 V.
1048 4154 1097 4209 col.
1119 4151 1191 4210 1015
1209 4153 1256 4208 ubi
1274 4152 1365 4208 eadam

306 4224 348 4278 rel
367 4226 460 4276 similis
477 4229 542 4279 visio
561 4233 688 4283 narratur.

260 4321 282 4396 ¹)
302 4323 376 4380 Eooli
396 4323 441 4381 24.
460 4325 484 4380 3.

260 4423 283 4494 ⁴)
301 4424 379 4479 dosuo
400 4423 442 4482 14.
462 4425 507 4482 11.

262 4525 281 4592 ⁶)
302 4523 356 4576 cod.
377 4526 498 4593 tephilua
