3172 5202
1247 421 1309 486 159

99 580 221 646 mutari
250 580 372 664 judices
405 583 454 649 rel
483 581 592 666 judicii
623 583 809 648 sententiam
831 586 922 650 vendi
945 586 1099 670 ajudioe;
1137 591 1311 658 sordidam-

100 711 163 776 que
185 693 367 778 hujusmodi
400 712 564 759 munemm
596 694 808 778 acceptionem
840 699 1018 781 nuncupat,
1052 717 1108 763 nos
1142 719 1214 766 vero
1238 707 1311 788 (pro

99 805 197 890 hujus
234 805 410 871 detestandi
439 804 633 871 mercimonii
666 805 772 890 primo
794 811 921 872 auctore
956 805 1129 874 Simoniam
1151 813 1311 880 nominare

99 916 251 982 solemus.
297 915 369 982 Non
392 936 465 1002 ergo
497 916 690 1002 applaudant
722 916 783 982 sibi
815 919 949 984 Romani
970 918 1063 1003 hujus
1097 923 1147 988 rel
1169 923 1313 992 similiter

100 1027 195 1092 datae
217 1027 366 1111 pecuniae
380 1030 568 1113 acceptores.
592 1029 667 1095 Plus
690 1029 776 1094 enim
798 1029 836 1095 de
858 1031 957 1113 pretio
980 1031 1105 1113 pietatis
1121 1034 1154 1097 et
1163 1031 1308 1116 justitiae

99 1138 187 1224 apud
210 1157 318 1204 omnes
336 1137 442 1223 justos
464 1158 570 1206 rerum
591 1140 808 1207 aestimatores
831 1143 1042 1226 perdiderunt,
1077 1161 1171 1228 quam
1194 1145 1238 1212 eis
1263 1147 1312 1212 lu-

99 1249 172 1317 celli
193 1249 227 1315 in
249 1249 362 1334 viginti
383 1250 508 1316 scriniis
531 1250 594 1317 illis
610 1251 732 1337 argenti
746 1253 848 1338 plenis
864 1255 1061 1321 accesserint.
1084 1254 1161 1337 Non,
1174 1257 1311 1342 inquam,

99 1361 295 1447 applaudant
317 1359 377 1428 sibi
399 1381 494 1447 super
515 1362 576 1432 his.
620 1365 700 1430 Ecce
723 1365 806 1430 euim
828 1385 883 1450 pro
906 1366 955 1432 his
979 1361 1134 1434 similibus
1158 1369 1312 1435 scandalis

99 1475 133 1541 in
155 1472 292 1541 ecelesia
313 1473 456 1539 Romana
491 1476 652 1542 occasione
674 1476 823 1543 auaritiae
845 1481 877 1543 et
899 1477 1062 1562 superbiae
1084 1478 1236 1564 subortis,
1260 1500 1311 1549 ec·
1349 1485 1352 1492 ’

101 1585 196 1652 etesia
220 1585 291 1665 Dei,
314 1601 394 1669 quae
415 1603 478 1652 una
502 1590 550 1652 est
573 1588 605 1653 et
627 1607 751 1672 semper
774 1607 841 1654 esse
863 1607 925 1654 una
947 1589 1047 1669 debet,
1070 1589 1103 1654 in
1125 1590 1202 1657 duos
1219 1591 1309 1676 quasi

100 1699 237 1783 papatus
261 1696 421 1778 scinditur,
445 1697 516 1764 aliis
529 1698 659 1778 Victori,
682 1700 751 1765 aliis
773 1699 948 1765 Alexandro
970 1698 1218 1783 adhaerentibus,
1242 1702 1310 1768 aliis

101 1808 196 1895 hujus
212 1811 308 1893 atque
322 1808 394 1874 aliis
409 1809 539 1876 alterius
552 1813 676 1896 partem
694 1810 940 1891 defendentibus,
956 1811 1059 1877 tertiis
1081 1830 1154 1878 vero
1176 1831 1234 1880 nec
1255 1813 1309 1878 uni

99 1939 157 1990 nac
171 1920 266 1988 alteri
281 1939 315 1987 sa
329 1921 413 2006 parti
424 1939 532 1988 secure
544 1921 740 1988 committere
751 1921 946 1988 audentibus.
959 1920 1065 1987 Habet
1079 1921 1162 1988 eniur
1177 1922 1209 1988 in
1220 1927 1308 2008 parte

100 2031 240 2098 Victoris
256 2033 437 2115 suspectam
450 2033 644 2117 paucitatem
660 2032 881 2112 cardinalium,
904 2032 937 2097 in
951 2035 1040 2116 parte
1054 2050 1127 2098 vero
1144 2031 1310 2100 Alexandri

101 2141 301 2222 simoniacae,
334 2144 371 2209 ut
403 2143 527 2225 dicitur,
561 2161 598 2209 ac
632 2143 849 2211 schismaticae
881 2143 1119 2228 conspirationis
1142 2142 1310 2211 abhorrent

100 2251 301 2340 munerum1)
322 2255 547 2342 acceptionem,
564 2255 739 2321 nescientes
754 2255 846 2339 plaue
862 2255 913 2320 cui
928 2275 962 2321 se
977 2255 1082 2340 potius
1098 2255 1308 2340 committant,

100 2384 232 2450 quemve
254 2366 344 2432 alteri
365 2365 786 2452 praeeHgant,Victoremne,
810 2366 864 2450 qui
884 2367 990 2433 missis
1012 2367 1045 2432 in
1067 2365 1174 2433 orbem
1195 2367 1308 2434 litteris

100 2477 244 2546 confiteri
264 2495 328 2544 non
350 2475 476 2544 erubuit
496 2494 610 2562 pravae
633 2479 866 2545 consuetudinis
888 2477 1024 2545 fratrum
1047 2497 1176 2545 suorum
1200 2478 1308 2546 (lardi-

101 2591 220 2657 nalium
251 2590 285 2654 in
317 2590 495 2674 acceptioue
528 2607 693 2656 munerum
728 2609 761 2656 se
791 2589 889 2655 fuisse
922 2589 1089 2673 aliquando
1124 2591 1309 2675 participem

102 2703 293 2786 melioraque
313 2700 347 2766 in
368 2698 510 2766 futurum
525 2701 732 2784 pollicentem,
756 2719 796 2766 an
819 2704 902 2768 certe
918 2701 1137 2781 Alexandrum,
1161 2700 1215 2785 qui
1236 2719 1309 2768 cum

101 2817 133 2880 et
152 2814 221 2898 ipse
243 2813 409 2896 argentum
430 2808 698 2894 hospitalensium,
723 2813 768 2875 ¹ut
789 2811 894 2894 palam
915 2814 972 2890 est,
994 2813 1161 2896 argentum
1184 2830 1307 2896 quoque

102 2925 151 2994 rol
172 2941 287 2990 aurum
308 2920 406 2987 Siculi
437 2937 474 2986 ac
508 2920 794 3003 Mediolaneneium,
827 2924 863 2987 ut
888 2920 1056 3006 imperium
1089 2921 1307 3006 conquaeritur

101 3054 137 3102 ac
158 3033 284 3120 publica
316 3030 401 3096 lama
432 3029 580 3116 loquitor,
614 3049 707 3115 super
736 3030 863 3115 judiciis
897 3035 929 3098 et
950 3031 1053 3099 causis
1087 3032 1307 3100 ecclesiasticis

104 3165 176 3213 oum
197 3143 310 3212 ceteris
332 3140 487 3225 acceperit
508 3159 566 3208 nee
584 3141 807 3226 poenitentiam
829 3143 966 3209 ostendit
988 3143 1026 3209 de
1047 3142 1226 3230 praeterito,
1249 3163 1307 3211 nec

103 3257 259 3324 cautelam
280 3250 441 3340 promittit
469 3251 507 3318 de
529 3251 645 3334 futuro,
680 3253 755 3338 quin
776 3253 890 3338 potius,
914 3258 950 3320 ut
971 3253 1070 3338 ajunt,
1093 3258 1125 3321 et
1146 3254 1309 3322 thesauros

103 3368 143 3435 ah
163 3361 431 3451 hospitalensihus
453 3382 509 3448 pro
533 3363 765 3450 dispensatione
786 3365 971 3432 immorare
988 3364 1190 3449 dissipatione
1211 3367 1310 3434 eccle-

103 3477 221 3546 siastici
242 3475 403 3561 regiminis
425 3479 570 3561 acceptos
591 3476 659 3559 ipse
674 3476 824 3561 possedit,
847 3495 903 3541 neo
926 3496 1020 3562 super
1034 3476 1082 3541 his
1099 3477 1254 3561 capitulis,
1271 3478 1309 3544 de

103 3591 216 3676 quibus
240 3589 306 3674 ejus
329 3589 492 3671 suspectus
530 3586 662 3652 habetur
683 3587 840 3667 introitus
874 3585 914 3650 ab
937 3585 1067 3652 eeclesia
1082 3586 1141 3652 Dei
1163 3588 1309 3653 seandala

104 3703 212 3769 tollere
235 3700 382 3784 diguatus
403 3704 462 3766 est.
506 3697 602 3782 Cujus
626 3701 731 3763 tamen
766 3715 860 3762 causa
893 3699 962 3761 tum
994 3699 1122 3781 propter
1144 3715 1309 3763 numerum

104 3811 308 3880 cardinalium
323 3811 507 3896 ampliorem
520 3809 553 3874 in
568 3807 635 3892 ejus
651 3808 833 3874 electionem
848 3808 1112 3887 concordantium,
1130 3812 1199 3874 tum
1214 3808 1308 3874 etiarn

104 3927 231 4011 propter
254 3921 448 3989 ordinatores
469 3920 629 4006 legitimos
660 3919 754 3984 simul
777 3919 872 3984 etiam
894 3919 982 3984 sedes
1005 3918 1204 4004 apostolicas,
1228 3918 1309 3984 anti-

105 4033 255 4099 ochenam
288 4031 356 4098 dico
380 4034 411 4098 et
428 4030 730 4117 Jerosolymitanam,
765 4029 798 4095 in
830 4048 902 4096 eum
923 4029 1161 4110 consentientes
1197 4047 1309 4096 causae

104 4142 243 4209 Victoris
264 4143 528 4229 praeponderaret
548 4143 582 4209 in
603 4143 690 4209 lance
725 4139 867 4226 justitiae
888 4139 917 4206 si
939 4140 1077 4225 exemplo
1100 4159 1176 4206 usus
1199 4139 1309 4207 Domi-

105 4252 175 4320 nico
196 4254 280 4321 latus
303 4272 340 4320 ac
362 4271 474 4320 manus
507 4253 702 4320 innocentiae
723 4253 756 4320 in
776 4251 878 4320 medio
912 4249 1045 4320 iratrum
1076 4270 1204 4320 suorum
1227 4250 1309 4337 epis·

211 4484 229 4556 ι)
247 4487 304 4541 cod.
323 4499 465 4541 numerum.
