3168 5214
1289 383 1353 452 325

152 555 245 620 venta
278 551 461 637 obsequium
493 570 587 619 suum
608 549 711 618 Verbo
745 551 823 632 Dei,
857 569 928 633 non,
949 554 1087 640 inquam,
1109 573 1223 642 negare
1258 556 1351 636 valet,

153 663 294 749 quamvis
317 663 417 729 otium
438 665 501 730 tale
523 665 613 730 valdo
634 664 775 749 diiigens‚
789 665 862 749 quin
888 669 997 750 surgat
1012 684 1048 733 ao
1064 667 1126 733 talo
1142 667 1243 732 otium
1256 665 1351 734 inter-

152 776 280 842 mittens
314 776 474 860 pessulum
508 775 570 841 oris
595 776 660 842 sive
682 777 835 860 loquendo
874 779 938 844 sive
963 777 1124 844 scribendo
1148 778 1260 844 dilecto
1294 797 1351 844 suo

152 887 280 971 aperiat,
305 890 456 971 quatenus
491 907 562 952 aum
584 889 624 954 ad
647 889 739 953 eorda
762 890 857 954 etiam
887 890 1020 956 aliorum
1043 890 1233 975 diligendum
1253 890 1353 956 intro·

153 1000 257 1064 duoat.
301 998 421 1082 inquo
444 998 591 1064 nimirum
625 1017 718 1084 opera
750 1018 813 1064 non
845 1001 929 1066 aliud
961 1003 1115 1086 loquendo
1145 1003 1210 1067 siva
1232 1002 1352 1087 agendo

152 1112 263 1196 potest
296 1110 414 1188 dooere,
447 1108 509 1172 nisi
542 1109 624 1191 quod
646 1110 731 1192 prior
763 1111 831 1194 ipse
853 1111 886 1175 in
907 1130 940 1177 se
963 1112 1080 1193 didicit,
1115 1113 1258 1181 videlicet
1289 1129 1352 1179 non

153 1220 370 1286 seminandum
403 1238 471 1286 esse
492 1220 525 1284 in
547 1237 647 1300 earne,
660 1220 741 1286 unde
770 1223 913 1287 metenda
936 1223 978 1288 sit
1000 1224 1166 1308 corruptio,
1181 1224 1236 1290 sed
1259 1223 1353 1290 semi·

152 1332 293 1396 nandum
314 1351 382 1398 asse
403 1332 437 1396 in
459 1332 582 1417 spiritu,
595 1333 676 1398 unde
698 1333 763 1397 vita
785 1335 909 1398 aeterna
931 1336 1144 1416 metendaest‚
1160 1338 1192 1401 et
1206 1334 1353 1420 quoniam

153 1444 205 1527 qui
227 1443 330 1528 diligit
352 1444 505 1509 mnndum
536 1460 598 1507 non
621 1463 690 1510 esse
712 1443 896 1510 charitatem
917 1445 1021 1511 Patris
1043 1447 1077 1510 in
1100 1466 1146 1527 eo,
1179 1447 1353 1512 neminem·

152 1573 211 1638 que
233 1572 327 1641 posse
348 1555 397 1621 his
420 1555 541 1620 duobus
575 1556 709 1622 dominis
744 1555 874 1637 servire,
911 1557 994 1641 quod
1014 1559 1063 1624 est
1085 1557 1199 1641 digitos
1233 1557 1352 1624 stillare

151 1665 311 1750 myrrham
332 1667 503 1752 plenosque
530 1687 597 1733 esse
620 1667 748 1752 myrrha
769 1667 997 1752 probatissima.
1041 1669 1082 1734 Et
1104 1669 1136 1734 id
1159 1669 1293 1752 quidem,
1315 1671 1352 1734 ut

151 1776 294 1857 aestimo,
329 1778 367 1842 de
398 1777 537 1862 paradisi
571 1778 685 1843 delitiis
708 1779 920 1859 sentiendum,
954 1781 987 1844 in
1021 1799 1080 1864 quo
1103 1783 1135 1846 et
1156 1780 1215 1846 hoo
1235 1781 1351 1864 pariter

151 1890 260 1956 sentiri
294 1893 435 1976 oportere
457 1908 520 1954 non
542 1886 661 1970 dubito,
695 1890 851 1956 neminem
872 1910 973 1976 posse,
997 1894 1145 1976 quamdiu
1167 1893 1200 1958 iu
1221 1911 1351 1978 corpore

149 2001 273 2081 vivitur,
296 2001 336 2066 ad
357 2001 440 2066 iliius
463 2000 583 2084 gratiae
613 2001 738 2084 plenam
760 2003 903 2067 notitiam
926 2004 1100 2087 pervenire,
1135 2005 1209 2090 quin
1241 2005 1348 2090 potius

149 2117 307 2183 interdum
340 2116 559 2182 revelationem
591 2117 768 2184 illusionem
779 2112 803 2197 1)
836 2115 1002 2182 existimat.
1046 2114 1083 2180 Id
1103 2134 1176 2181 vero
1211 2115 1294 2201 quod
1315 2134 1348 2182 se

148 2227 361 2293 indubitanter
395 2228 484 2313 quasi
515 2246 573 2313 per
594 2229 764 2294 fenestram
787 2227 996 2313 corruptibilis
1030 2226 1159 2313 pariatis
1182 2227 1278 2294 divini
1300 2229 1349 2292 at·

149 2343 251 2406 taetus
274 2340 409 2424 gratiam
432 2341 527 2406 sentit
548 2339 725 2424 percepisse
748 2341 937 2423 modumque
960 2338 1099 2422 ejusdem
1120 2338 1239 2424 gratiae
1260 2337 1294 2403 in
1315 2357 1349 2405 se

149 2451 305 2536 operantis
338 2470 432 2535 seque
454 2450 705 2536 adloquendum
741 2453 791 2517 vel
823 2453 977 2537 agendum
1011 2451 1193 2518 suscitantis
1227 2449 1349 2517 etiamsi

148 2562 223 2630 velit
244 2563 361 2629 nemini
381 2582 476 2648 posse
495 2565 650 2648 loquendo
674 2564 756 2630 siout
778 2567 826 2629 est
849 2561 1089 2629 eommunioare.

540 2911 542 2916 ⁵
603 2953 713 3022 cap.
732 2951 894 3008 mx.

290 3075 373 3152 Quid
394 3075 448 3145 vol
471 3076 566 3165 quala
587 3077 722 3145 tertium
749 3076 873 3146 ooalurn
894 3075 1130 3146 aestimandum
1151 3075 1204 3144 sit

247 3265 294 3331 De
315 3265 400 3331 tertii
421 3283 493 3331 vero
528 3265 606 3332 ooeli
628 3253 755 3332 secretis
789 3268 877 3332 tanto
910 3264 1015 3330 minus
1047 3263 1214 3348 quiequam
1243 3262 1345 3331 disere

145 3375 256 3455 ausim,
279 3374 403 3442 etiarnsi
425 3375 498 3460 quid
520 3376 648 3461 dignum
671 3378 785 3444 sentire
805 3395 942 3463 possem,
974 3379 1089 3462 quanto
1111 3375 1212 3442 adhuo
1233 3392 1284 3440 me
1305 3373 1345 3440 ab

145 3488 198 3554 illa
219 3487 354 3572 puritate
386 3489 478 3572 longe
511 3486 620 3554 abessa
642 3507 841 3574 recognosce,
866 3489 915 3554 oui
938 3487 1015 3554 visio
1038 3487 1097 3552 Dei
1118 3485 1274 3570 promissa
1297 3488 1345 3550 est

145 3597 266 3664 dicente
286 3599 565 3665 DominorBeati
584 3602 721 3667 mundo
746 3603 886 3680 eorde,
912 3591 1107 3685 quoniam'
1123 3599 1204 3682 ipsi
1225 3596 1344 3663 Deum

144 3707 352 3775 videbunt.
365 3709 389 3790 a)
421 3711 504 3777 Huio
526 3713 609 3777 enim
631 3712 802 3779 munditiae
823 3713 887 3778 sive
910 3713 943 3777 in
964 3711 1082 3797 angelis
1106 3709 1171 3776 sive
1188 3709 1221 3774 in
1243 3707 1345 3775 homi·

144 3819 236 3888 nibus
259 3823 318 3887 soli
341 3823 394 3889 illa
417 3821 546 3888 debetur
564 3824 710 3908 cognitio,
734 3842 794 3907 qua
808 3823 987 3889 immediate
1001 3840 1064 3888 non
1074 3820 1142 3905 jam
1156 3839 1212 3904 per
1225 3819 1342 3904 figuras

145 3935 176 3998 et
197 3933 383 4017 aenigmata,
406 3953 468 3999 non
489 3954 545 4018 per
567 3935 681 4000 somnii
695 3935 879 4020 imaginaria
903 3934 970 4000 visa
991 3933 1046 3999 sed
1068 3931 1146 3998 iaoie
1167 3932 1208 3996 ad
1230 3929 1342 3996 faeiem

144 4045 299 4112 videbitur
321 4048 405 4114 Deus
428 4047 521 4114 siouti
542 4051 591 4112 est
623 4046 663 4112 ab
692 4047 750 4129 his,
776 4048 829 4132 qui
849 4048 904 4114 ilia
925 4045 1042 4112 visione
1074 4063 1131 4129 per
1152 4042 1287 4128 gratiam
1308 4061 1342 4109 sa

143 4157 359 4241 purificantem
391 4158 478 4246 digni
509 4159 712 4226 inveniantur.
756 4159 797 4224 ut
818 4158 898 4225 hane
930 4175 988 4242 ego
1025 4155 1177 4222 visionem
1198 4153 1237 4219 ad
1257 4151 1342 4218 tertii

143 4271 221 4338 ooeli
254 4275 372 4338 seoreta
393 4270 528 4338 arbitror
548 4270 711 4355 pertinere,
734 4289 769 4336 eo
793 4270 875 4354 quod
897 4267 1076 4354 principalis
1099 4266 1141 4334 sit
1162 4283 1199 4332 ao
1220 4263 1340 4330 duabus

245 4483 266 4553 ¹)
285 4485 342 4540 aod.
361 4486 489 4539 illusione.
511 4515 543 4524 ν-
566 4482 589 4554 ²)
609 4485 693 4540 Maon.
714 4483 739 4540 5.
759 4485 785 4540 8.
