3168 5190
250 371 313 437 266

245 543 288 607 sit
308 540 426 606 homini
448 542 521 606 data
544 541 596 624 qui
618 539 711 604 dicit:
743 541 839 607 data
872 542 935 606 est
965 540 1064 605 mihi
1097 541 1222 606 omnis
1257 543 1456 624 potestas

245 653 284 716 in
307 653 422 718 coelo
446 655 481 716 ot
504 653 540 716 in
563 650 705 736 terra.¹)
729 652 799 717 Non
823 653 890 731 hos,
914 652 1051 734 inquam,
1075 657 1184 737 tropos
1200 653 1231 716 in
1247 651 1452 718 naturalibus

244 766 423 849 repellimus
447 765 500 830 sed
523 766 554 829 in
577 766 767 850 theologiam
789 764 953 848 profanam
975 782 1087 830 vocum
1109 765 1280 828 nouitatem
1303 763 1454 828 introdu-

245 896 313 942 cere
335 877 481 955 vitamus,
508 894 586 959 quae
608 882 639 942 et
661 897 722 942 non
744 876 871 962 proprie
889 876 971 943 hunc
993 877 1167 956 hominem,
1192 876 1245 959 qui
1267 877 1381 940 dicitur
1397 875 1456 942 Je-

245 1009 308 1067 sus‚
331 990 432 1054 Deum
455 989 515 1053 dici
537 989 730 1071 profiteatur.
752 991 798 1054 Er
815 1009 874 1072 quo
891 991 974 1054 onim
989 990 1148 1054 hominem
1169 988 1259 1051 illum
1274 988 1313 1052 de
1329 985 1454 1070 Spiritu

243 1104 349 1165 sancto
384 1104 569 1184 conceptum
601 1101 786 1165 intellexeris
809 1103 857 1164 191
881 1101 1090 1184 designaveris
1123 1099 1271 1184 quioquid
1306 1097 1451 1161 divinum

242 1211 352 1276 dixeris
375 1231 404 1276 v.
426 1231 473 1295 gr.
497 1211 584 1276 Deus
614 1216 661 1276 991
684 1211 878 1294 omnipotens
908 1212 1122 1296 praedicatum
1145 1209 1284 1294 prolecto
1308 1208 1347 1272 ad
1371 1224 1449 1271 oau-

243 1340 310 1386 sam
332 1323 443 1389 reddis
482 1324 553 1388 Non
577 1324 660 1388 enim
682 1325 786 1406 991991
809 1341 876 1388 9999
899 1323 951 1386 ille
973 1322 1066 1386 homo
1090 1321 1163 1404 quin
1186 1321 1271 1385 Deus
1291 1322 1323 1383 91
1348 1319 1450 1382 omni·

240 1437 353 1518 potens
377 1435 426 1498 sit.
450 1435 548 1499 Porro
571 1435 827 1500 accidentalitatis
850 1435 898 1499 191
921 1434 1120 1499 comitantiae
1142 1436 1232 1516 tropo
1255 1433 1304 1496 191
1323 1431 1447 1496 ratione

242 1547 390 1610 consortii
423 1547 581 1611 hominem
602 1548 693 1611 illum
715 1548 816 1612 dicere
839 1547 950 1629 Deum,
989 1564 1059 1609 cum
1093 1562 1150 1628 pro
1173 1543 1311 1609 19111919
1333 1561 1448 1608 vocum

240 1767 354 1832 vinitas
387 1787 450 1832 non
485 1771 639 1851 quomodo
677 1770 730 1832 uni
762 1789 799 1833 91
822 1767 912 1833 19119
935 1767 1134 1832 accidentalis
1170 1769 1218 1830 991
1240 1766 1277 1830 19
1299 1765 1448 1847 qualibus

241 1878 364 1942 dicitur:
387 1898 457 1962 ego
480 1880 562 1944 dixi
584 1882 640 1944 dii
663 1880 775 1960 estis,
799 1881 852 1944 sed
877 1878 1023 1963 quoniam
1047 1879 1075 1942 ei
1086 1875 1191 1942 Deum
1213 1896 1281 1940 esse
1304 1895 1340 1940 91
1361 1875 1444 1940 nati·

160 2013 164 2020 ·
240 1987 345 2052 vitatis
368 1989 486 2072 origine
507 1992 647 2055 naturale
670 1991 721 2056 sit.
746 1990 902 2054 Nativitas
926 1990 1009 2054 enim
1032 1992 1118 2054 91119
1141 2005 1215 2052 suae
1238 1987 1366 2071 originis
1388 2004 1448 2050 na·

145 2188 147 2195 ,
239 2101 343 2164 turam
377 2119 444 2164 esse
478 2103 691 2186 conpatitur.
736 2102 838 2184 Igitur
871 2102 1016 2184 quoniam
1039 2100 1091 2165 ille
1113 2099 1217 2180 homo,
1256 2099 1309 2180 qui
1331 2097 1447 2163 dicitur

238 2209 342 2289 Jesus‚
379 2214 464 2276 totus
487 2211 549 2274 Dei
571 2215 719 2295 totusque
742 2212 824 2277 filius
848 2212 981 2277 hominis
1016 2216 1064 2277 est
1086 2215 1172 2277 19199
1196 2211 1280 2276 Deus
1304 2212 1390 2274 totus
1414 2213 1447 2275 et

238 2318 331 2384 homo
366 2325 424 2400 est,
459 2324 544 2386 totus
579 2323 717 2388 Verbum
752 2327 783 2388 91
806 2324 933 2406 99111119
967 2327 1053 2389 19119
1077 2327 1201 2388 919919
1235 2325 1292 2386 991.
1337 2320 1446 2403 Quod

240 2432 337 2496 enim
370 2411 507 2497 natum
531 2437 792 2499 9911999119
830 2454 921 2499 caro
945 2438 1065 2499 99191
1088 2434 1193 2518 quod
1225 2436 1359 2497 natum
1382 2433 1446 2496 991

239 2544 283 2607 de
306 2543 458 2626 spiritu
481 2546 655 2629 spiritus
675 2549 777 2631 estl)
816 2548 878 2613 Cur
900 2549 1005 2611 autern
1027 2546 1194 2619 timeamus
1218 2545 1319 2610 dicere
1340 2544 1445 2609 Deum

236 2656 357 2736 patrem
379 2654 514 2721 hominis
537 2676 609 2722 cum
631 2661 739 2742 regula
760 2658 833 2724 fidoi
856 2660 947 2740 cogat
968 2656 1120 2739 uirginem
1143 2658 1284 2721 sanctam
1299 2655 1445 2720 9εοτόκον

236 2765 256 2828 i.
280 2784 305 2829 e.
330 2765 388 2829 Dei
409 2770 543 2832 matrem
565 2775 767 2854 nuncupare?
790 2770 842 2834 An
864 2768 1022 2853 potentior
1045 2771 1112 2832 erat
1133 2785 1220 2832 amor
1243 2768 1372 2851 virginis
1395 2770 1446 2835 di·

237 2876 327 2941 11119
351 2878 390 2941 ad
412 2878 647 2961 concipiendum
670 2885 701 2946 et
723 2882 934 2965 generandum
957 2899 992 2944 91
1014 2880 1080 2944 Deo
1105 2880 1207 2944 Deum
1229 2879 1261 2944 in
1283 2879 1445 2946 hominem

237 2992 269 3051 et
290 2987 442 3052 infirmior
464 3006 552 3053 amor
575 2990 638 3055 Dei
660 2994 701 3057 ad
724 2993 892 3057 uniendum
908 2990 1011 3057 Verbo
1035 3009 1071 3055 91
1093 3010 1126 3056 99
1148 2990 1253 3074 genito
1276 3010 1332 3074 per
1353 3010 1446 3076 gene-

236 3099 388 3163 rationem
411 3099 594 3165 deiformem
618 3122 654 3167 ox
675 3103 794 3188 virgine
817 3104 945 3187 uirginis
970 3103 1119 3168 carnem?
1153 3103 1254 3166 Immo
1278 3121 1350 3167 1919
1374 3104 1444 3169 1919

237 3208 330 3292 hujus
365 3213 553 3277 sacramenti
587 3213 724 3279 efficacia
759 3216 889 3280 coelitus
913 3215 1034 3280 inuecta
1056 3216 1104 3278 991
1125 3211 1194 3277 Deo
1217 3213 1373 3279 ineffabile
1397 3234 1445 3282 se-

237 3324 356 3386 cretum
380 3325 461 3404 quod
484 3329 650 3410 exsuperat
672 3345 796 3391 ornnem
828 3345 956 3391 sensum
979 3326 1121 3408 quodque
1143 3343 1205 3389 non
1227 3326 1300 3391 11991
1322 3326 1444 3392 homini

235 3432 322 3515 loqui
344 3433 493 3518 singulari
514 3437 653 3518 potentia
675 3438 707 3500 in
731 3437 850 3520 virgine
873 3440 1027 3520 operante,
1051 3436 1134 3519 apud
1150 3455 1243 3520 quem
1259 3437 1362 3502 solum
1376 3456 1441 3502 non

237 3546 303 3608 erat
325 3544 519 3627 impossibile
551 3548 610 3613 hoc
635 3548 765 3613 verbum
786 3549 916 3631 ideoque
951 3551 982 3612 et
1004 3548 1088 3630 quod
1110 3552 1220 3613 natum
1255 3551 1303 3613 est
1336 3568 1372 3613 91
1406 3567 1444 3614 ea

236 3660 380 3721 sanctum
403 3662 548 3724 uocatum
571 3664 618 3725 991
640 3660 723 3726 filius
746 3661 814 3726 Dei.
859 3662 900 3728 111
921 3681 994 3727 cum
1017 3660 1059 3724 sit
1080 3658 1163 3723 filius
1186 3657 1258 3738 Dei,
1284 3660 1442 3742 quomodo

236 3784 297 3830 nou
320 3768 404 3833 Deus
438 3778 526 3852 pater
559 3774 649 3856 pater
678 3771 754 3855 ejus,
790 3790 860 3836 eum
882 3773 918 3835 ut
940 3787 1033 3854 supra
1055 3771 1268 3834 monstratum
1302 3771 1351 3832 ast
1383 3787 1443 3834 nec

236 3877 374 3943 Verbum
395 3897 452 3946 neo
477 3881 628 3966 Spiritum
652 3886 796 3948 sanctum
818 3885 939 3965 patrem
961 3882 1028 3966 ejus
1051 3881 1112 3945 dici
1128 3878 1314 3945 conveniat?
1336 3881 1441 3946 Immo

236 4008 309 4054 1919
333 3994 896 4074 91999911911991119111111911919
925 4011 1071 4078 persona,
1106 4011 1178 4058 oum
1211 3994 1278 4057 tota
1301 3991 1441 4058 Trinitas

235 4101 479 4167 incarnationem
502 4104 659 4172 Verbisit
681 4110 827 4191 9991919,
860 4105 1020 4189 virginalis
1054 4108 1163 4190 partus
1198 4108 1287 4188 pater
1309 4103 1441 4184 dicetur,

237 4231 331 4298 quam
353 4214 407 4280 illa
430 4215 518 4298 eujus
534 4217 557 4300 ³)
582 4219 722 4285 osculum
744 4217 777 4280 in
799 4216 914 4281 amoris
937 4216 1057 4282 cantico
1080 4234 1194 4300 sponsa
1217 4216 1282 4282 sive
1303 4214 1441 4301 patriar-

238 4385 486 4394 -—·-—·-—-.-.-——

339 4457 356 4521 ¹)
375 4456 460 4511 Maon.
479 4455 523 4511 28.
544 4455 587 4511 18.
615 4484 648 4494 -
673 4457 693 4522 ²)
715 4457 787 4511 Joau.
808 4456 833 4510 3.
853 4456 879 4508 6.
899 4483 933 4495 -
955 4450 1137 4522 ι)9911.9]19.
