3168 5190
1258 387 1320 452 223

111 537 286 608 habeamus
319 539 423 622 plures
458 542 588 611 circuire
610 546 777 631 magistros
800 547 832 612 in
855 566 986 631 qnorum
1010 553 1124 620 scholis
1147 556 1319 641 quinquen-

109 654 186 719 nale
207 656 369 720 teneamus
392 651 565 735 silentiam,
601 675 636 722 eo
660 657 741 741 quod
763 657 796 722 in
817 677 879 723 uno
902 659 1035 728 Domino
1058 663 1136 731 Jesu
1157 685 1219 732 non
1240 668 1318 736 alias

113 764 263 846 ethicam,
295 764 458 850 physicam
491 767 522 830 et
541 765 699 832 theoricen
734 769 917 834 salutarem
933 769 1113 840 habeamus.
1157 777 1318 846 Fatiscant

109 877 211 962 igitur
242 877 367 961 ingenia
400 895 480 942 vana
502 875 698 943 ethnicorum
730 875 987 965 philosophorum
1009 885 1202 953 iudaeorum
1224 890 1318 956 simul

111 993 146 1055 et
168 989 394 1055 haereticorum
416 991 448 1053 et
469 987 603 1054 facunda
625 1007 732 1054 eorum
754 989 942 1056 conticescat
963 992 1136 1077 loquacitas
1154 996 1314 1066 Christum

110 1102 163 1166 uel
184 1099 395 1185 ignorantium
418 1098 465 1165 vel
486 1100 568 1164 male
589 1100 627 1165 de
648 1100 716 1184 ipso
739 1103 948 1184 sentientium,
971 1104 1067 1172 immo
1090 1125 1162 1175 vero
1186 1129 1315 1178 conver·

110 1213 220 1278 tantur
252 1212 291 1276 ad
312 1210 416 1294 ipsum
438 1212 470 1276 et
491 1213 580 1276 sanet
617 1228 679 1276 eos.
724 1209 791 1276 Aut
814 1213 960 1295 quoniam
983 1217 1086 1282 eximii
1119 1220 1229 1285 talium
1247 1220 1315 1305 jam

111 1323 190 1390 olim
211 1322 294 1388 viam
316 1322 478 1388 uniuersae
511 1321 612 1386 carnis
644 1321 776 1406 ingressi
810 1327 892 1407 sunt,
926 1326 1038 1392 saltem
1060 1329 1175 1414 scripta
1197 1350 1314 1414 eorum,

109 1431 168 1498 ubi
201 1433 240 1498 ad
262 1432 440 1518 profectum
472 1432 725 1498 instruendorum
758 1435 877 1500 assumi
909 1441 1053 1522 possunt,
1087 1442 1315 1510 ecclesiasticae

108 1542 318 1611 aedificationi
342 1544 508 1630 proficiant
530 1543 611 1609 sicut
633 1561 744 1610 aurum
761 1548 792 1610 et
809 1551 975 1630 argentum
993 1567 1029 1615 ac
1044 1551 1163 1637 lapides
1186 1556 1314 1638 pretiosi

108 1657 148 1722 de
171 1656 314 1742 Aegypto
336 1675 393 1742 per
411 1655 569 1722 israelitas
593 1652 710 1720 sublati
724 1655 757 1720 in
772 1660 963 1722 structuram
979 1659 1170 1728 tabernaculi
1185 1663 1311 1731 Domini

106 1766 317 1852 proiecemnt.
361 1766 486 1832 Etenim
505 1769 537 1832 et
557 1765 620 1851 ipsi
642 1767 680 1831 de
702 1766 842 1832 moribus
864 1768 1074 1850 instituendis
1114 1773 1151 1838 de
1173 1775 1311 1859 physicis

107 1895 232 1962 quoque
253 1875 426 1942 rationibus
460 1876 514 1943 sed
536 1879 567 1942 et
588 1877 626 1942 de
648 1876 739 1942 unius
762 1877 877 1942 summi
898 1878 958 1943 Dei
990 1879 1119 1966 ejusque
1140 1882 1197 1948 lilii
1220 1903 1312 1968 quem

105 1997 173 2052 νοῦν
187 1991 210 2070 1)
242 1989 358 2069 dicunt,
392 1987 511 2054 theoria
533 1988 681 2053 nonnulla
702 1987 819 2053 utiliter
840 1989 1039 2070 aestimasse,
1075 1993 1223 2060 vivaciter
1257 1996 1305 2061 in·

9 2141 10 2152 r
105 2102 292 2187 castigasse,
309 2099 485 2166 sublimiter
500 2098 640 2183 sapuisse
656 2101 687 2164 et
702 2097 886 2166 scholastice
901 2101 1086 2168 disseruisse
1101 2103 1308 2174 inueniuntur.

9 2287 10 2298 ,
208 2212 270 2280 Sed
290 2211 408 2296 gratias
441 2228 533 2296 agere
570 2209 719 2276 habemns
755 2210 997 2278 inaestimabiles
1031 2214 1166 2280 Domino
1199 2222 1307 2285 nostro

9 2353 10 2408 l
105 2327 186 2396 Jeeu
208 2324 332 2394 christo
355 2323 388 2389 in
409 2321 499 2406 cujus
522 2313 586 2388 vita
601 2323 741 2388 doctrina
757 2324 789 2387 et
804 2324 1079 2391 consummationis
1102 2326 1163 2393 fine
1186 2327 1309 2413 singula

105 2439 192 2520 haec,
215 2436 374 2522 generales
411 2433 554 2500 videlicet
590 2433 769 2518 disciplinae
792 2436 866 2513 tres,
903 2434 1059 2520 copiosius
1098 2437 1306 2506 inveniuntur.

105 2551 191 2634 Quas
214 2549 242 2614 si
262 2546 351 2630 impii
371 2545 485 2614 Judaei
517 2544 671 2629 ceterique
708 2543 828 2610 inimici
849 2543 915 2628 ejus
939 2545 1053 2612 ethnici
1075 2548 1141 2613 sire
1161 2547 1308 2617 haeretici

105 2659 229 2728 sublato
252 2647 404 2726 velamine
424 2657 457 2723 io
480 2656 603 2724 Christo
634 2659 667 2722 et
687 2656 720 2722 in
742 2655 808 2740 ejus
830 2656 999 2741 Evangelio
1022 2657 1103 2723 sicut
1124 2663 1198 2726 sunt
1219 2679 1307 2728 uera-

9 2763 10 2852 p
104 2773 182 2840 citer
204 2772 417 2856 agnoscerent,
441 2786 503 2834 non
525 2767 562 2848 ei,
596 2770 632 2832 ut
664 2766 805 2847 aestimo,
842 2767 925 2833 aliud
958 2768 1095 2834 dicerent
1112 2771 1162 2836 vel
1181 2775 1305 2857 propria

103 2883 241 2951 conuicti
263 2880 452 2948 conscientia
484 2878 570 2944 aliud
591 2878 691 2943 dicere
711 2881 849 2962 possent,
884 2896 979 2963 quam
1000 2879 1031 2946 id
1056 2883 1138 2966 quod
1159 2887 1304 2970 parentes

102 2994 221 3062 Tobiae
243 3013 335 3077 super
357 2990 498 3058 absentia
520 2989 586 3074 eJus
602 2989 707 3054 tristes
728 2990 885 3056 dixerimt:
907 2992 952 3056 lrr
974 2994 1029 3072 te,
1052 2992 1206 3079 inquiunt,
1229 3015 1304 3062 uno

9 3077 10 3168 s
103 3105 235 3171 omnia
256 3102 468 3182 hahentes,
494 3105 528 3166 ta
550 3119 630 3166 non
653 3100 856 3168 debuimus
879 3103 1088 3170 dimittere
1110 3123 1128 3171 a
1150 3106 1304 3198 oetier)

9 3215 10 3218 ’
101 3218 188 3283 Haec
222 3199 516 3283 enimdudaeorum
540 3211 656 3280 Christi
687 3219 853 3298 parentum
886 3233 955 3281 sera
989 3217 1131 3300 quaerela
1163 3238 1237 3286 vera
1271 3223 1304 3290 io

9 3337 10 3344 ’
99 3326 271 3392 Dominum
303 3325 414 3393 Jesum
436 3323 594 3392 Christum
625 3324 805 3408 prophetica
834 3328 891 3392 est.
936 3325 1025 3392 Unde
1048 3332 1080 3394 et
1100 3348 1158 3396 nos
1181 3331 1301 3416 inipso

9 3459 10 3498 1
100 3438 205 3504 omnia
225 3435 316 3502 nobis
339 3437 454 3502 donata
473 3436 605 3501 scientes
628 3435 684 3501 has
708 3455 829 3521 quoque
851 3440 914 3504 tres
931 3437 1095 3505 lacrdtates
1118 3458 1222 3508 veram
1242 3446 1303 3510 sci-

9 3563 10 3632 }
97 3551 174 3616 licet
196 3548 331 3615 ethicam
352 3564 519 3631 veramque
546 3545 709 3632 physicam
741 3549 794 3615 sed
816 3552 848 3614 et
870 3567 974 3615 ueram
996 3550 1153 3618 theoricen
1175 3553 1207 3618 in
1230 3555 1300 3642 ipso

98 3660 230 3746 eiusque
252 3658 410 3743 evangelio
433 3655 522 3724 nobis
546 3659 675 3727 donatas
697 3660 897 3742 gaudeamus.

201 3771 287 3836 Haec
319 3787 453 3853 namque
485 3768 585 3834 nostri
618 3769 682 3834 veri
705 3767 768 3836 Job
803 3789 861 3856 pro
894 3770 984 3836 nobis
1020 3771 1152 3839 dolentis
1175 3775 1301 3844 Domini

9 3911 10 3920 ¹
99 3880 180 3949 Jesu
214 3880 304 3965 qnasi
336 3884 400 3947 tres
422 3879 504 3946 filiae
527 3883 609 3960 eunt,
643 3883 679 3944 ut
702 3881 739 3946 de
763 3884 882 3965 septem
903 3881 985 3963 filiis,
1007 3885 1125 3966 septem
1159 3885 1301 3956 videlicet

97 3991 266 4076 spirituum
289 3990 388 4073 donis,
409 3991 535 4057 interim
556 3994 724 4070 taceamus,
758 3991 826 4072 hae,
860 3993 996 4077 inquam,
1020 3996 1093 4058 suut
1114 3997 1187 4061 tres·
1200 3999 1300 4064 nostri

97 4103 164 4170 veri
185 4102 207 4171 J
210 4102 248 4168 oh
283 4102 366 4168 filiae
397 4102 544 4168 nimirum
576 4104 683 4187 gratae
704 4103 744 4168 ad
765 4122 867 4184 usum,
900 4103 1069 4196 foecundae
1090 4106 1130 4171 ad
1151 4106 1297 4191 fructum,

97 4213 230 4280 socblas
263 4213 304 4280 ad
326 4213 559 4296 connivendum,
594 4233 725 4299 quarum
758 4234 818 4281 una
851 4218 980 4282 vocatur
1002 4217 1085 4297 dies;
1101 4219 1124 4300 ³)
1157 4221 1189 4285 et
1221 4220 1298 4287 haec

202 4463 223 4536 ¹)
241 4465 298 4522 aa.
317 4466 386 4523 nan.
408 4494 441 4506 -
462 4461 482 4534 1)
501 4463 566 4522 rou.
587 4463 631 4520 ro.
651 4463 677 4521 a.
700 4493 734 4505 -
757 4460 780 4534 ⁸)
799 4463 856 4521 rau.
874 4463 919 4522 sa.
940 4463 983 4522 14.
1116 4501 1120 4508 .
