3084 5196
1230 383 1290 450 167

108 550 270 634 caedit.¹)
292 547 500 618 sustinendus
523 553 572 618 est
592 553 728 637 populus
749 552 804 618 ille
825 569 973 620 romanus
995 551 1150 636 inquietus
1173 559 1205 620 et
1227 559 1293 621 tur·

107 662 184 728 bidus
205 678 241 728 ac
262 662 383 747 pastori
405 681 461 728 suo
485 663 632 729 auantiae
655 664 815 730 occasione
836 664 968 730 nimium
988 662 1130 746 infestus,
1143 667 1291 750 quamdiu

107 792 163 837 eun
183 773 315 840 sustinet
335 771 499 838 Dominus.
538 774 583 838 At
601 773 642 852 hi,
668 774 720 857 qui
743 775 914 841 secundum
936 775 1038 856 Deum
1061 779 1144 856 sunt,
1168 794 1230 842 non
1252 777 1291 843 li·

106 883 197 950 benter
230 883 383 968 ejusmodi
415 883 615 950 sustinebunt
648 885 702 950 sed
724 883 873 951 dolebunt
895 889 927 950 et
948 888 1079 970 gemunt
1115 905 1209 972 snper
1230 887 1287 952 his.

106 996 157 1061 Ubi
175 996 255 1062 enirn
277 1015 368 1062 omne
401 1000 495 1080 caput
516 996 700 1080 languidum
732 1001 781 1063 est
805 998 959 1082 quomodo
993 999 1089 1063 etiam
1122 1016 1214 1064 omne
1236 1015 1289 1062 cor

105 1125 229 1174 moerens
250 1108 319 1175 siti
341 1107 417 1192 Quis
440 1126 512 1175 vero
536 1110 682 1175 cordatus
705 1127 767 1175 non
789 1113 896 1194 gemat
911 1113 943 1174 et
960 1111 1063 1176 doleat
1079 1129 1172 1196 super
1186 1111 1289 1177 avan·

105 1218 140 1282 tia
158 1218 365 1287 Romanorum
386 1221 476 1304 qnasi
498 1241 535 1286 ex
555 1221 696 1306 legitimo
719 1227 751 1288 et
773 1222 919 1287 instituto
935 1221 962 1304 ¹)
985 1222 1172 1290 Pontificem
1195 1241 1288 1289 suum

104 1335 242 1398 venante?
284 1332 371 1415 Quae
393 1332 468 1397 dum
490 1329 530 1413 ei,
565 1333 618 1416 qui
651 1337 700 1398 est
728 1337 824 1418 ceput
853 1335 1009 1414 eeclesiae,
1042 1335 1287 1418 inquietudinem

102 1445 200 1528 ingerit
231 1443 324 1511 etiam
358 1461 470 1527 corpus
494 1441 680 1527 subjectum,
715 1447 798 1529 quod
820 1450 868 1512 est
891 1447 1020 1512 eeclesia
1043 1447 1102 1513 Dei
1132 1446 1285 1527 universa,

103 1557 226 1640 quietum
239 1559 262 1638 ³)
297 1574 365 1622 esse
396 1571 458 1620 ron
481 1554 565 1621 sinit.
589 1555 678 1622 Unde
700 1558 784 1622 enim
805 1557 861 1638 illi,
896 1559 949 1642 qni
970 1558 1003 1624 in
1025 1557 1112 1624 Petri
1136 1557 1286 1625 vicarium

102 1687 131 1732 er
150 1669 299 1735 communi
322 1667 462 1734 omnium
477 1685 630 1732 consensu
645 1668 779 1752 eligitur,
803 1669 892 1750 unde,
915 1670 1051 1754 inquam,
1074 1668 1120 1734 illi
1135 1670 1166 1733 in
1180 1668 1283 1754 primo

100 1783 303 1864 ingressusne
328 1779 470 1846 undecim
506 1779 696 1844 talentorum
728 1781 814 1846 milia
848 1797 927 1865 quae
960 1780 1110 1864 expendat
1128 1779 1280 1846 Romanis

99 1912 145 1976 pro
164 1893 308 1960 fidelitate
331 1891 391 1958 sibi
408 1890 601 1977 juranda⁴)i
624 1894 764 1977 Quorum
786 1892 961 1977 complures
980 1891 1091 1959 melius
1114 1896 1196 1959 esset
1218 1910 1280 1958 non

95 2006 187 2088 jurare
219 2021 309 2088 quam
338 2005 444 2088 jurata
466 2004 617 2071 fidelitate
638 2004 777 2070 infideles
801 2003 941 2070 existere.
989 2004 1091 2086 Quare
1112 2021 1174 2068 non
1197 2002 1224 2068 ei
1247 2021 1283 2070 ao

99 2117 205 2182 domnis
220 2115 433 2184 Cardinalibus
456 2117 533 2183 satis
554 2119 603 2182 est
624 2116 719 2184 fidem
741 2114 782 2182 ab
804 2116 848 2182 eis
872 2119 904 2182 et
926 2115 1135 2182 obedientiam
1151 2116 1282 2201 exigere,

98 2247 178 2310 qnam
200 2227 308 2296 debent
330 2226 386 2294 iiiii
407 2227 489 2311 patri
504 2227 669 2313 spirituali,
692 2227 800 2313 plebes
824 2228 987 2308 sacerdoti,
1010 2247 1084 2312 grex
1106 2227 1282 2293 animarum

97 2354 210 2403 suarum
229 2337 355 2422 pastori.
399 2337 482 2404 Nam
505 2339 558 2423 qui
579 2340 640 2405 iste
663 2340 787 2406 vincula
808 2339 964 2406 naturalia
986 2340 1169 2424 dirumpunt
1189 2338 1280 2405 facile

96 2453 122 2513 et
136 2449 341 2533 juramentum
372 2451 496 2516 irritum
529 2451 655 2517 ducunt.
701 2452 802 2535 Quare
835 2469 897 2516 non
919 2451 963 2516 eis
987 2450 1105 2516 sufficit
1138 2451 1279 2517 doctrina

95 2559 209 2628 Domini
230 2562 374 2629 dicentis:
418 2561 570 2629 reddite
605 2581 698 2646 quae
725 2567 816 2630 eunt
838 2563 1027 2632 Caesaris
1064 2561 1222 2630 Caesari
1245 2564 1280 2627 et

94 2689 177 2752 qnae
198 2677 288 2738 sunt
306 2673 378 2739 Dei
399 2671 546 2756 Deo⁵)?
568 2678 719 2759 quatenus
742 2675 842 2741 discat
863 2673 904 2739 ab
927 2675 971 2740 eis
993 2676 1126 2758 populns
1149 2674 1277 2741 reddere

93 2783 149 2850 Deo
171 2788 200 2850 et
221 2785 432 2852 sacerdotibus
456 2786 523 2871 ejus
545 2788 578 2853 in
600 2786 818 2854 ecelesiasticis
836 2785 1044 2852 obedientiam
1065 2787 1097 2851 et
1118 2783 1222 2866 fidem,
1246 2789 1278 2850 et

92 2895 203 2979 regibus
225 2897 399 2963 honorem?
430 2898 481 2962 Ad
503 2901 675 2964 extremum
697 2917 768 2964 vero
792 2915 887 2982 quare
908 2915 971 2962 non
992 2914 1011 2961 a
1032 2899 1148 2982 populo
1169 2897 1275 2982 potins

92 3008 186 3089 expelii
208 3008 375 3093 patiuntur,
414 3027 508 3094 quam
531 3013 566 3075 ut
587 3010 647 3094 ipsi
669 3010 817 3076 avaritiae
853 3029 960 3077 eorum
983 3009 1125 3075 servituti
1149 3007 1277 3094 subjici·

90 3121 196 3186 antur?
217 3121 274 3202 At,
296 3121 453 3206 inquiunt:
492 3121 559 3188 Nos
583 3123 635 3206 qui
658 3141 720 3187 non
743 3124 845 3189 solum
868 3121 1070 3188 sacerdotalia
1092 3121 1124 3186 in
1146 3120 1274 3187 decimis

90 3233 116 3294 et
136 3231 346 3313 oblationibus
370 3234 423 3299 sed
446 3237 478 3299 et
499 3234 615 3319 regalia
638 3236 737 3299 multa
759 3253 795 3299 er
817 3253 928 3318 regum
950 3233 1114 3299 donatione
1131 3236 1271 3298 tenemus

90 3345 304 3424 quodammodo
338 3349 368 3411 et
400 3365 488 3432 reges
526 3349 558 3413 ct
579 3347 754 3413 sacerdotes
788 3344 915 3410 Domini
952 3363 1070 3426 sumus,
1103 3343 1275 3428 ideoquea

88 3456 192 3538 populo
214 3475 277 3522 non
299 3458 398 3523 solnm
422 3457 629 3524 obedientiam
652 3459 683 3523 in
706 3456 923 3524 ecclesiasticis
958 3455 1012 3521 sed
1035 3459 1066 3521 st
1088 3454 1272 3520 fidelitatem

88 3565 165 3633 nobis
182 3568 283 3652 jurari
305 3569 454 3653 exigimus
477 3571 517 3634 ud
539 3569 749 3636 defensionem
784 3568 927 3634 videlicet
949 3567 1103 3651 regalium
1126 3565 1220 3631 simul
1242 3571 1273 3630 et

87 3678 301 3760 pontificalium
322 3679 402 3746 beati
425 3682 521 3747 Petri.
544 3682 665 3765 Quaero
682 3684 789 3746 autern
805 3698 824 3746 a
839 3677 1032 3765 temporibus
1055 3678 1099 3762 pii
1121 3676 1271 3762 principis
1377 3754 1382 3764 Ι

88 3789 278 3874 Constantini,
314 3793 366 3876 qui
396 3793 518 3879 primus
552 3793 668 3877 regalia
704 3791 854 3859 Romanis
889 3789 1094 3857 Pontificibus
1130 3788 1270 3868 eontulit,

176 4087 194 4154 ¹)
212 4083 247 4138 Π.
267 4081 323 4138 Gor.
345 4083 388 4137 11.
409 4083 451 4138 19.
472 4082 515 4137 20.

174 4182 194 4253 ²)
212 4184 268 4238 eod
287 4185 410 4236 institute.

174 4280 194 4353 ⁸)
211 4283 267 4338 cod.
287 4283 384 4350 quieta.

171 4383 192 4450 ⁴)
212 4384 273 4436 side
292 4395 370 4447 supra
388 4395 442 4448 cap.
460 4378 504 4434 20.

174 4479 194 4551 ⁵)
212 4483 298 4538 Mero.
320 4480 364 4536 12.
383 4479 425 4534 17.
