3172 5202
209 359 270 423 120

205 530 379 613 Palpate
402 526 439 589 et
461 522 598 588 uidete
632 521 727 605 quia
750 520 937 605 spiritus
975 536 1132 586 caruem
1155 522 1195 584 et
1218 537 1309 584 ossa
1330 538 1407 585 non

206 640 321 705 habet
344 638 449 702 sicut
470 652 529 698 me
551 632 705 698 videtis
727 630 882 697 habere.
900 633 924 720 1)
946 634 1006 718 Qui
1022 635 1059 697 et
1082 650 1115 695 se
1136 631 1169 698 in
1184 632 1235 698 uia
1250 631 1407 715 discipulis

205 752 324 819 duobus
347 743 580 814 ambulantibus
599 745 712 830 junxit,
736 763 840 810 coram
864 745 988 829 quibus,
1011 743 1071 810 etsi
1093 763 1134 810 se
1157 741 1349 829 longine)
1364 743 1407 806 ad

206 868 329 946 tempus
352 860 481 926 tinxit
501 860 574 940 ire,
598 859 726 924 intrauit
749 862 854 923 tamen
875 877 948 923 oum
969 858 1031 924 illis
1055 861 1086 923 et
1108 860 1140 923 in
1157 856 1305 923 fractione
1315 859 1407 940 panis

206 975 331 1060 agnitus
354 975 410 1038 est.
435 969 498 1038 soc
517 989 616 1054 neque
637 989 735 1035 unum
757 970 979 1054 discipulorum
998 969 1152 1035 Thomam
1174 969 1206 1034 iu
1228 968 1409 1035 infidelitate

206 1085 379 1168 relinquere
401 1083 507 1162 voluit,
542 1082 616 1165 quin
637 1082 741 1166 potius
764 1083 926 1148 vulnerum
961 1099 1089 1148 suorum
1113 1080 1267 1147 cicatrices
1290 1081 1318 1145 ei
1339 1081 1410 1165 pal-

205 1195 324 1281 pandas
345 1193 476 1258 offerens
500 1190 691 1257 infidelitatis
725 1209 787 1256 nou
821 1191 922 1256 solnm
959 1191 1043 1257 illius
1067 1193 1121 1259 sed
1143 1194 1265 1258 nostrae
1284 1210 1407 1276 quoque

206 1304 373 1372 dubietatis
395 1303 428 1369 in
450 1321 485 1367 eo
509 1303 620 1369 vulnus
643 1303 773 1368 sanavit,
820 1302 882 1371 (tur
904 1304 1001 1390 igitur
1034 1323 1097 1370 non
1130 1324 1201 1371 eum
1231 1305 1407 1372 Alexander

206 1416 323 1482 imitari
346 1416 428 1482 volui
468 1414 492 1501 ³)
531 1417 618 1500 cujus
654 1416 729 1480 dum
750 1418 882 1498 papatus
904 1415 1119 1500 phantasticus
1141 1435 1204 1482 non
1225 1415 1275 1497 sit,
1309 1434 1407 1500 quare

206 1547 241 1594 se
275 1529 421 1594 ecclesiae
452 1529 484 1594 in
518 1528 646 1594 concilio
680 1528 834 1593 adunatae
867 1527 1033 1593 ridendum
1067 1531 1099 1594 et
1120 1529 1310 1614 palpandum
1342 1545 1408 1594 non

206 1639 358 1722 praebuit,
381 1640 495 1720 dicens,
519 1641 642 1724 palpato
665 1639 822 1720 obsidete,
847 1641 920 1724 quia
935 1642 1043 1706 electio
1058 1644 1191 1725 papatus
1203 1639 1265 1706 mei
1281 1658 1408 1707 monem

208 1755 238 1816 et
261 1769 333 1816 ossa
354 1751 457 1833 habet,
482 1769 553 1818 ossa
574 1751 722 1817 nimirum
744 1752 777 1816 in
800 1751 1008 1835 spiritualium
1031 1752 1261 1832 collaudatione,
1297 1767 1408 1820 mones

207 1881 279 1928 vero
301 1863 334 1928 in
355 1864 461 1948 populi
482 1863 615 1929 Rerum
637 1863 889 1928 acclamatione?
933 1864 1036 1946 Quare
1057 1862 1169 1929 ridens
1185 1863 1292 1947 lupum
1313 1858 1407 1948 fugit,

211 1974 264 2057 qui
288 1992 323 2039 se
345 1975 700 2060 pastoremlegitimum
714 1974 894 2041 aliumverc
917 1976 1026 2060 lupum
1047 1974 1200 2060 agnovit?
1222 1974 1324 2059 Quare
1344 1993 1410 2039 non

208 2085 313 2168 potius
336 2084 470 2150 Paulum
493 2087 670 2169 apostolum
692 2086 833 2152 imitatus
856 2090 905 2153 est
919 2087 1067 2153 vomendo
1083 2087 1133 2153 vel
1147 2086 1409 2172 iloneoslegatos

209 2197 248 2260 ad
270 2195 436 2261 concilium
459 2200 490 2262 et
513 2213 640 2263 causam
663 2217 753 2263 suam
775 2200 961 2283 exponendo,
986 2199 1067 2265 sicut
1087 2197 1140 2264 ille
1159 2199 1299 2264 ascendit
1316 2199 1411 2266 Jero-

212 2307 621 2393 solymam⁴)adapostolcs
638 2312 671 2374 et
687 2310 819 2375 contulit
841 2329 914 2376 cnm
936 2310 980 2376 eis
996 2311 1196 2396 evangelium,
1219 2309 1300 2395 quod
1320 2327 1413 2394 prae-

210 2417 335 2485 dicabat
357 2420 390 2485 in
411 2419 570 2505 gentibus,
584 2438 624 2486 ne
647 2421 729 2487 forte
750 2421 783 2486 in
806 2439 940 2488 vacuum
961 2425 1099 2490 curreret
1120 2425 1173 2488 ant
1194 2421 1412 2489 cucurrisset?

210 2532 272 2598 Gur
294 2549 357 2596 non
379 2531 522 2600 imitatus
545 2536 594 2599 est
614 2532 745 2600 Petrum
766 2535 939 2621 prinoipem
953 2536 1172 2620 apostolorum,
1197 2534 1410 2602 submittendo

210 2661 243 2706 se
271 2641 389 2726 judicio
422 2643 603 2710 inferiorum
636 2645 941 2732 archiepiscoporum
974 2647 1116 2714 videlicet
1141 2649 1173 2711 et
1194 2648 1412 2732 episcoporum

209 2753 403 2838 aliorumque
423 2756 569 2822 ecclesiae
591 2760 724 2840 patrum,
749 2758 902 2843 siquidem
922 2759 975 2825 ille
997 2757 1050 2826 ubi
1065 2777 1125 2824 uon
1139 2761 1223 2824 recte
1237 2755 1412 2825 ambulavit

211 2865 251 2929 ad
273 2865 438 2931 veritatem
459 2867 620 2952 Evangelii
641 2888 703 2936 nou
724 2868 889 2936 recusabat
911 2871 948 2936 de
971 2890 1004 2937 se
1022 2869 1172 2956 judicium
1194 2891 1227 2937 se
1250 2871 1412 2956 arguentis

211 2976 303 3043 Pauli
317 2980 342 3065 ὃ)
376 2978 591 3063 apostolorum
613 2979 762 3044 minimi?
795 2980 885 3063 Quod
908 2981 936 3046 si
958 2998 1051 3048 causa
1073 2981 1146 3067 ejus,
1180 2982 1290 3050 electio
1324 2982 1413 3048 vide-

210 3091 284 3157 licet
316 3092 348 3155 in
383 3108 454 3156 oum
487 3089 580 3171 facta,
614 3107 720 3156 coram
753 3093 883 3158 concilio
918 3094 1101 3180 allegatione
1137 3093 1338 3161 conveniente
1358 3112 1415 3159 ex-

210 3200 313 3286 posita
349 3200 388 3267 ab
421 3202 530 3267 eodem
566 3202 695 3268 concilio
731 3204 864 3286 probata
896 3208 928 3271 ot
961 3205 1142 3272 continuata
1185 3204 1298 3272 fuisset
1333 3223 1415 3292 gau·

211 3315 299 3380 dium
320 3313 513 3399 provenisset
534 3315 681 3381 ecclesiae
702 3317 878 3397 universae,
901 3335 960 3400 pax
992 3321 1024 3383 et
1049 3318 1153 3385 unitas
1183 3320 1214 3385 et
1247 3317 1414 3384 concordia

212 3425 379 3493 schismate
401 3427 524 3512 penitus
547 3428 680 3494 excluso.
705 3426 757 3495 Sic
780 3429 863 3494 enim
881 3429 989 3495 Victor
1010 3429 1047 3494 al
1068 3428 1235 3495 concilium
1257 3431 1351 3510 venit,
1373 3433 1414 3495 ut

213 3557 340 3606 causam
360 3557 450 3605 suam
470 3539 686 3626 episcoporum
714 3540 832 3625 judicio
854 3540 973 3626 absque
994 3540 1176 3608 retractione
1200 3543 1411 3610 submitteret.

213 3651 304 3734 Quod
326 3651 353 3717 si
375 3651 550 3719 Alexander
570 3653 653 3719 idem
676 3653 811 3734 lecisset,
845 3653 920 3738 qnid
941 3654 1003 3719 uisi
1020 3653 1124 3718 unitas
1147 3653 1316 3720 schismate
1336 3651 1414 3719 oub-

214 3766 300 3828 moto
334 3763 554 3846 provenisset?
586 3765 719 3850 Insuper
752 3783 824 3832 vero
859 3768 890 3832 et
911 3765 971 3833 hoc
993 3766 1172 3852 temporalis
1206 3765 1413 3834 emolumenti
