3172 5202
231 390 273 456 88

230 559 409 645 degentium
441 575 498 624 nec
519 573 582 622 non
604 555 737 622 aliomm
757 572 932 642 pauperum
968 557 1116 624 ecclesiae
1137 557 1195 625 Dei
1216 560 1348 626 traditas
1370 560 1431 647 ipsi

231 668 290 736 sub
312 667 420 734 usibus
454 666 566 733 diuinis
599 664 768 732 alienantes
800 667 908 733 laicale
937 666 1122 736 beneficium
1154 668 1273 738 faciunt
1295 674 1327 736 et
1348 671 1430 737 unde

230 778 352 846 minimi
375 776 492 848 Christi
523 795 560 843 ac
582 777 648 842 Deo
668 775 838 844 militantes
867 777 971 861 jnrari
1003 779 1189 863 debuerant,
1227 783 1263 848 ut
1284 800 1376 848 nemo
1397 782 1430 850 in

231 891 275 957 eie
297 888 601 976 egensinveniretur‚
623 888 694 954 inde
714 888 831 954 mundo
853 889 1023 957 militantes
1046 907 1082 957 ao
1103 909 1278 977 pauperum
1300 910 1431 978 oppres·

232 1019 317 1067 sores
340 999 449 1066 duro.
494 999 582 1083 Quod
604 998 711 1083 utique
744 999 916 1066 voluntarie
944 999 1103 1086 facientes,
1136 1001 1209 1086 quid
1230 1003 1315 1069 aliud
1336 1021 1430 1088 quam

232 1112 454 1180 desolationem
474 1109 661 1196 pauperibus
684 1110 801 1178 Christi
837 1113 903 1178 Deo
925 1112 1131 1178 militantibus
1153 1113 1304 1180 inducunt
1325 1115 1431 1200 sicque

233 1224 497 1293 abominationem
530 1224 739 1304 desolationis,
774 1225 856 1309 quod
889 1226 996 1292 deesse
1018 1225 1190 1307 videbatur,
1223 1227 1353 1312 implere
1374 1244 1430 1311 pro

233 1354 290 1402 sua
310 1335 453 1423 portione
475 1337 650 1420 satagunt?
678 1334 762 1403 Nam
786 1336 868 1421 qnod
890 1335 1027 1421 episcopi
1047 1336 1173 1422 regibus
1194 1335 1333 1402 hominia
1354 1334 1432 1403 faci·

233 1452 291 1516 unt
321 1451 352 1515 et
385 1447 425 1514 ab
457 1449 526 1515 allis
559 1447 735 1532 accipiunt,
783 1450 925 1533 qnodque
967 1466 1024 1534 pro
1056 1448 1212 1534 regalibus
1257 1446 1432 1513 obtinendis

233 1560 368 1647 negotiis
391 1579 425 1627 se
447 1559 657 1629 saecularibus
691 1561 853 1646 implicant
875 1565 907 1628 et
929 1562 968 1626 ad
992 1566 1168 1628 comeatum
1190 1562 1328 1628 ducendo
1350 1559 1433 1625 mili-

234 1674 310 1738 tiam
344 1677 479 1758 pergunt
501 1676 532 1739 et
553 1675 656 1739 cetera
689 1673 842 1756 ejusmodi
874 1673 1029 1758 regalibus
1067 1672 1236 1740 obediendo
1259 1671 1431 1757 praeceptis

234 1787 433 1867 exequuntur,
458 1782 685 1867 quantumlibet
706 1783 935 1867 inculpabiliter
958 1787 989 1849 et
1009 1785 1188 1852 innocenter
1202 1784 1309 1849 eadem
1325 1782 1433 1866 exequi

235 1895 389 1976 studeant,
412 1912 469 1980 ogo
493 1896 532 1960 ad
554 1895 708 1961 senariam
730 1896 826 1961 immo
850 1899 881 1962 ot
902 1897 1134 1981 sexagenariam
1156 1892 1434 1961 illamoubitorum

235 2005 432 2072 altitudinem
463 2005 615 2090 portinere
637 2007 779 2087 arbitror,
813 2009 852 2074 ad
875 2027 968 2093 quam
990 2010 1143 2094 templum
1166 2026 1202 2073 er
1223 2025 1333 2092 regum
1356 2005 1436 2071 Per-

240 2133 348 2182 sarum
383 2119 414 2181 ot
449 2116 615 2183 Medorum
663 2120 861 2185 concessione
893 2138 911 2185 a
944 2120 1021 2187 Jesu
1065 2120 1224 2186 sacerdote
1255 2136 1368 2204 magno
1403 2121 1436 2183 et

237 2226 616 2312 Zorobabel¹)duceJuda
637 2227 824 2295 lubricatum
846 2233 903 2311 est,
926 2231 1069 2298 videlicet
1090 2232 1192 2297 media
1213 2235 1301 2315 parte
1322 2228 1437 2315 prioris

236 2343 319 2409 illius
342 2342 535 2408 celsitudinis
569 2361 605 2407 er
636 2359 746 2426 regom
778 2341 974 2408 institutione
996 2342 1110 2409 ablata.
1155 2341 1315 2427 Siquidem
1336 2340 1438 2405 omnis

237 2456 297 2520 ista
320 2472 356 2519 ex
376 2453 529 2539 regalium
551 2453 748 2520 concessione
770 2452 916 2518 ecclesiae
938 2453 996 2518 Dei
1017 2453 1199 2538 proveniens
1223 2454 1375 2520 celsitudo
1398 2453 1438 2518 ad

238 2565 350 2631 senarii
373 2563 530 2649 decuplati
550 2563 689 2630 laborem
710 2563 847 2648 pertinet
861 2582 972 2648 parum
993 2569 1048 2632 aut
1069 2584 1167 2651 prope
1189 2565 1267 2632 nihil
1288 2565 1326 2631 de
1348 2563 1441 2648 spiri·

239 2675 316 2740 tnali
338 2674 530 2742 sabbatismo
552 2676 585 2741 in
606 2678 760 2761 plerisque
793 2677 1006 2744 sacerdotibus
1029 2696 1190 2762 superesse
1212 2677 1315 2742 sinens
1337 2673 1438 2740 medi-

239 2803 351 2870 amque
379 2789 500 2870 partem
532 2787 703 2871 spiritualis
736 2787 819 2854 illine
842 2787 1033 2854 celsitudinis
1057 2788 1261 2866 detruncans,
1285 2802 1363 2870 quae
1383 2803 1442 2870 per

239 2902 366 2964 centnm
388 2898 499 2981 viginti
531 2897 653 2964 cubitos
675 2898 789 2982 prioris
812 2900 923 2983 templi
944 2899 1128 2978 altitudinis,
1163 2902 1200 2964 ut
1230 2913 1325 2983 snpra
1348 2913 1443 2980 erpo·

241 3008 371 3087 suimus,
394 3007 569 3092 significata
590 3010 648 3074 est.
677 3007 724 3074 At
745 3027 818 3075 vero
838 3011 951 3076 senarii
971 3010 1049 3077 haec
1071 3009 1259 3096 mysterialis
1283 3008 1443 3094 quantitas
1577 3017 1578 3076 1

241 3120 274 3184 in
295 3120 388 3186 domo
410 3119 477 3198 Dei,
512 3135 590 3203 quae
624 3123 672 3186 est
694 3120 832 3200 ecelesia,
864 3139 926 3186 non
947 3123 987 3188 ad
1008 3122 1068 3188 hoc
1089 3121 1222 3206 prolicit,
1256 3123 1293 3187 ut
1328 3120 1442 3186 domus
1577 3169 1578 3206 p

242 3230 301 3295 Dei
322 3229 427 3296 aliter
449 3229 590 3296 ordinata
612 3230 723 3298 domus
745 3233 804 3298 Dei
835 3251 897 3298 non
920 3234 970 3313 eit,
994 3235 1049 3300 sed
1069 3233 1229 3319 praesules
1252 3248 1358 3300 aarum
1380 3250 1445 3298 non
1577 3221 1578 3254 l

244 3341 306 3407 sint
328 3340 471 3425 episcopi,
507 3343 768 3426 quemadmodum
802 3345 928 3428 qnidam
961 3349 1066 3412 nostro
1101 3348 1251 3430 tempore,
1285 3341 1444 3409 Arnoldus

244 3453 378 3532 nomine,
401 3451 609 3537 dogmatizare
632 3470 726 3520 ausus
749 3460 807 3538 est,
829 3455 935 3540 plebes
959 3474 977 3521 a
998 3455 1109 3522 talium
1132 3455 1348 3541 episcoporum
1370 3451 1445 3520 obe·

245 3564 360 3629 dientia
383 3563 558 3629 dehortans.
594 3563 656 3632 Pro
681 3583 742 3651 qna
764 3566 858 3632 etiam
882 3567 1022 3635 doctrina
1044 3585 1105 3634 non
1128 3569 1230 3634 solnm
1252 3563 1292 3630 ab
1315 3563 1446 3632 ecclesia

245 3672 304 3738 Dei
327 3673 535 3741 anathematis
558 3693 705 3741 mucrone
742 3680 903 3760 separatus
925 3678 1051 3761 insuper
1073 3677 1167 3742 etiam
1189 3676 1355 3760 suspendio
1376 3675 1447 3741 neci

246 3784 390 3864 uadibus,
413 3785 486 3868 quin
508 3789 540 3852 et
561 3789 789 3872 postmortem
811 3788 950 3854 incendio
974 3790 1129 3854 crematus
1151 3790 1245 3870 atque
1266 3787 1299 3852 in
1321 3784 1447 3852 Tibrim

246 3894 377 3962 durium
409 3898 564 3982 projectus
599 3900 655 3979 est,
692 3918 731 3966 ne
753 3900 895 3966 videlicet
916 3900 1075 3967 Romanus
1097 3900 1238 3983 populus,
1274 3914 1366 3982 quem
1388 3915 1447 3964 sua

247 4010 387 4075 doctrina
408 4010 548 4075 illexerat
569 4009 629 4076 sibi
650 4029 722 4076 eum
743 4014 913 4095 martyrem
935 4010 1099 4077 dedicaret.
1124 4007 1229 4090 Quem
1250 4026 1308 4094 ego
1332 4006 1447 4074 vellem

248 4140 303 4206 pro
326 4119 382 4186 tali
405 4121 545 4187 doctrina
568 4139 624 4186 sua
648 4123 788 4207 quamvis
810 4139 904 4206 prava
926 4123 974 4188 vel
998 4121 1086 4187 exilio
1109 4122 1158 4187 sel
1180 4138 1302 4186 carcere
1317 4121 1371 4184 aut
1386 4117 1449 4184 alia

248 4249 346 4318 poena
368 4236 490 4315 praetor
511 4235 645 4299 mortem
659 4233 803 4317 punitum
826 4251 894 4300 esse
915 4234 964 4298 vel
987 4234 1097 4298 saltem
1113 4231 1217 4297 taliter
1239 4229 1386 4307 occisum,
1410 4232 1448 4294 nt

249 4342 390 4408 Romana
413 4341 540 4408 ecclesia
564 4362 617 4409 seu
640 4343 725 4409 ouria
747 4343 813 4426 ejus
835 4345 919 4411 necis
942 4344 1121 4428 quaestione
1143 4344 1269 4410 careret.
1304 4339 1388 4406 Nam
1410 4340 1448 4420 si,

251 4485 300 4492 ...-
309 4485 435 4493 -—-—--—.

353 4528 372 4597 ι)
389 4528 411 4584 1.
431 4485 507 4584 non.
528 4530 554 4584 a.
574 4529 599 4584 2.
