3168 5214
238 356 301 422 374

237 526 374 594 animam
395 543 485 594 suam
508 528 539 592 11
559 525 673 591 iterum
711 523 853 588 sumendi
889 538 967 586 eam.
1011 517 1113 587 Simul
1147 523 1252 588 autem
1281 524 1313 587 et
1340 523 1439 588 Pater
1552 521 1557 601 1

237 641 321 706 Deus
343 640 376 704 in
397 641 462 703 tam
484 637 598 702 arduae
621 635 812 701 obedientiae
832 635 994 717 praecepto
1028 631 1110 696 viam
1145 632 1326 698 clementiae
1360 652 1439 699 suae

238 751 278 814 ad
299 748 438 815 homines
461 745 665 832 praeparabat
685 765 723 810 ne
745 743 815 829 quis
838 741 1021 808 temerarius
1038 744 1212 808 ultroneam
1227 744 1320 811 nimis
1342 749 1439 829 atque
1552 754 1557 843 ᾗ

239 860 445 926 inordinatam
464 858 618 944 judicaret
651 854 849 924 clementiam
882 853 948 938 ejus
985 873 1040 938 pro
1079 853 1167 920 nobis
1202 853 1304 921 filium
1344 876 1439 922 suum

238 972 432 1056 unigenitum
455 969 612 1038 offerentis
635 988 706 1036 cum
729 968 829 1034 simile
853 966 926 1052 quid
955 967 1048 1033 homo
1080 966 1234 1052 quispiam
1267 969 1353 1052 prior
1382 985 1440 1051 pro

239 1081 305 1167 ejus
332 1082 494 1149 dilectione
516 1080 662 1166 perficere
685 1082 811 1165 paratus
834 1079 981 1146 extiterit.

743 1439 852 1505 cap.
871 1437 948 1492 XI.

431 1639 476 1706 ne
498 1636 599 1706 Jacob
621 1639 663 1708 ad
692 1637 847 1728 Spiritum
870 1637 1016 1705 sanctum
1038 1634 1238 1704 assimilatio.

340 1851 439 1919 Jacob
461 1870 583 1937 quoque
604 1853 636 1917 in
659 1871 694 1918 eo
719 1853 766 1916 111
789 1849 921 1916 maxime
948 1849 1137 1933 operationis
1167 1845 1305 1932 Spiritus
1340 1847 1443 1912 sancti

242 1963 374 2046 figuram
396 1963 551 2046 praetulit,
575 1963 657 2047 quod
679 1963 755 2028 duas
780 1982 889 2028 uxores
920 1960 1037 2028 habens
1071 1959 1190 2026 liberas
1215 1957 1443 2043 ambarumque

241 2075 368 2140 ancillas
391 2093 426 2139 ex
448 2077 580 2158 quotuor
601 2074 649 2140 his
672 2075 752 2140 filios
775 2079 875 2140 111111
896 2072 1112 2158 promissionis
1149 2090 1256 2138 omnes
1295 2072 1443 2137 cohaere-

242 2185 295 2250 des
319 2188 350 2251 11
371 2188 529 2249 consortes
551 2185 667 2269 gennit,
690 2185 771 2250 siout
798 2204 879 2250 nuuc
912 2183 1047 2270 Spiritus
1079 2187 1205 2249 sanctus
1245 2201 1308 2248 non
1340 2182 1443 2248 solum

242 2313 298 2380 per
320 2294 476 2379 legitimos
501 2294 615 2361 Christi
639 2296 814 2362 sacerdotes
838 2314 874 2361 11
896 2315 951 2381 per
974 2313 1036 2376 eos,
1060 2295 1166 2380 quiin
1200 2293 1350 2360 charitate
1383 2295 1444 2360 Dei

243 2407 282 2472 ad
302 2404 478 2471 libertatem
500 2405 633 2490 Spiritus
655 2406 861 2490 profecerunt,
886 2407 939 2472 sed
962 2411 994 2472 11
1026 2426 1081 2490 per
1114 2406 1191 2472 alios
1225 2405 1354 2472 verbum
1383 2405 1443 2471 Dei

243 2518 452 2584 adulterantes
488 2517 518 2580 et
551 2517 582 2580 in
605 2515 690 2582 verbi
713 2517 885 2583 ministerio
913 2536 975 2583 non
1008 2536 1087 2603 quae
1123 2517 1201 2584 iesu
1236 2516 1352 2586 (11111111
1389 2517 1443 2582 sed

244 2647 322 2712 quae
341 2646 397 2693 sua
419 2631 492 2693 sunt
525 2631 707 2711 quaerentes
745 2631 838 2712 atque
868 2631 900 2693 in
935 2631 1045 2712 spiritu
1084 2629 1205 2694 timoris
1243 2629 1344 2695 adhuc
1378 2649 1444 2695 ser-

244 2741 359 2807 vientes
382 2741 520 2806 fidelium
542 2740 740 2806 multitudine
764 2759 870 2806 omnes
892 2741 981 2826 regni
1014 2739 1074 2805 Dei
1094 2738 1278 2806 cohaeredes
1301 2744 1441 2824 generat.

245 2851 363 2934 Quibus
398 2851 474 2916 nihil
507 2852 546 2915 ad
579 2851 777 2918 haereditatis
816 2851 875 2919 Dei
906 2853 1135 2936 possessionem
1170 2851 1269 2919 officit
1304 2851 1442 2935 nihilque

215 2969 220 3002 ¹
245 2963 399 3028 intereos
422 2962 578 3044 discernit,
593 2966 673 3046 quod
697 2965 762 3030 sive
784 2984 837 3047 per
859 2963 956 3029 bonos
979 2964 1044 3030 sive
1066 2965 1166 3029 malos
1190 2965 1351 3029 ministros
1374 2966 1440 3030 Deo

246 3074 390 3156 acquisiti
411 3074 467 3140 filii
490 3078 573 3156 sunt,
597 3079 721 3142 tantum
743 3076 806 3142 sint
839 3075 1046 3142 ecclesiastico
1072 3076 1106 3140 in
1137 3075 1262 3141 nomine
1283 3075 1388 3140 Patris
1411 3080 1443 3140 et

247 3183 317 3249 Filii
340 3189 371 3250 11
393 3185 525 3269 Spiritus
548 3189 647 3253 111111
669 3186 825 3269 baptizati.
872 3185 967 3270 Cujus
991 3186 1094 3266 111111,
1129 3186 1272 3252 videlicet
1304 3183 1441 3269 Spiritus

248 3295 356 3388 sancti,
380 3315 456 3380 opus
479 3298 638 3382 proprium
662 3298 801 3378 1111111,
826 3297 908 3380 quod
931 3296 1008 3362 duos
1032 3296 1091 3362 sibi
1128 3314 1238 3361 uxores
1277 3296 1441 3380 legitimas,

247 3406 521 3474 1111111111111111
553 3412 585 3474 et
621 3409 894 3491 contemplativam
931 3409 1037 3486 vitam,
1075 3409 1114 3473 ad
1134 3407 1341 3492 generandam
1374 3408 1441 3472 Deo

247 3515 547 3596 1111111111111111,
572 3521 817 3603 quammunius
850 3521 870 3586 i.
905 3540 931 3586 1.
964 3520 1109 3586 Rachelis
1142 3520 1312 3603 spiritualis
1349 3517 1443 3603 spiri·

246 3627 362 3691 tualem
385 3631 529 3714 copulam
548 3649 634 3696 more
655 3631 739 3696 illius
760 3630 861 3698 Jacob
882 3631 950 3715 ipse
973 3633 1107 3716 amplius
1131 3632 1243 3716 11111ςί1,
1284 3648 1319 3696 11
1358 3629 1441 3713 quod

248 3736 416 3820 spiritualis
440 3740 558 3806 decoris
580 3745 725 3807 venustas
747 3742 779 3807 iu
802 3759 838 3806 ea
860 3742 960 3826 magia
984 3745 1176 3828 complaceat
1191 3745 1222 3808 et
1235 3743 1323 3825 quasi
1341 3741 1441 3807 simile

247 3848 286 3912 ad
319 3849 419 3916 simile
452 3853 622 3931 conveniat,
658 3870 729 3916 cum
762 3856 866 3917 tamen
896 3854 995 3918 altera
1027 3856 1161 3920 secundo
1197 3854 1297 3939 gradu
1330 3854 1441 3920 dilecta

249 3959 427 4026 foecundior
463 3963 514 4027 sit.
558 3963 640 4045 Quid
676 3964 770 4029 111111
807 3963 885 4029 illud
922 3967 1005 4048 quod
1042 3965 1142 4034 Jacob
1174 3983 1306 4051 pascens
1344 3965 1442 4031 soceri
1560 3997 1561 4006 1

248 4090 367 4156 greges,
391 4077 426 4138 ut
449 4092 504 4139 suo
524 4074 587 4156 juri
620 4078 713 4158 atque
746 4075 880 4142 mercedi
913 4075 1014 4140 foetus
1048 4077 1247 4160 manciparet,
1271 4077 1375 4161 virgas
1410 4076 1440 4140 iu
1560 4069 1561 4152 ἦ

250 4181 407 4250 canalibus
429 4185 586 4268 ponendas
608 4187 721 4270 partim
744 4185 961 4268 decorticabat,
974 4190 1010 4253 ut
1033 4189 1117 4253 color
1136 4186 1439 4268 1111111111111111,
1560 4227 1561 4232 =

249 4314 284 4361 11
307 4313 438 4380 quarum
460 4298 720 4382 contemplatione
742 4299 843 4366 varios
866 4318 990 4386 quoque
1012 4299 1114 4366 foetus
1137 4317 1210 4365 oves
1244 4297 1440 4383 conciperent

249 4412 280 4472 et
302 4411 551 4492 generarentur?
595 4411 686 4495 Quid,
712 4412 847 4497 inquam,
871 4413 930 4480 hoo
952 4411 1155 4497 spiritualiter
1190 4414 1354 4493 attentum,
1383 4410 1441 4478 nisi
