3172 5202
231 390 292 458 188

228 564 510 650 accepimus‚¹)
543 585 599 633 nec
621 585 639 631 a
662 567 727 636 suis
761 570 866 633 minen
902 566 970 651 ipse
1004 565 1151 634 delicians
1184 583 1271 632 more
1304 561 1437 648 pinguis

227 672 328 735 terrae
360 671 415 736 sed
435 673 575 737 nostram
597 671 774 741 ariditatem
806 690 930 738 uomere
962 670 1118 756 passionis
1155 671 1254 740 scissa
1275 667 1435 738 reficiens.

227 781 300 865 Ipse
331 800 431 868 agnus
464 801 555 849 rarus
589 782 684 866 typici
705 783 788 849 illius
811 785 1026 868 completivus,
1060 785 1128 868 ipse
1150 783 1282 852 aliarum
1304 798 1435 866 quaqua

227 891 366 958 omnium
399 892 570 978 figurarum
603 894 750 978 legalium
783 895 883 960 solida
916 894 1006 962 nobis
1037 896 1151 961 veritas
1174 898 1206 959 et
1229 910 1343 978 corpus
1366 893 1433 957 est.

225 1004 262 1069 In
283 1004 351 1088 ipso
374 1009 406 1072 et
426 1027 553 1092 germen
571 1009 694 1092 justum
716 1009 816 1074 David
842 1009 932 1079 nobis
955 1007 1142 1076 suscitatum
1169 1009 1226 1087 est,
1257 1022 1436 1088 omnesque

224 1116 446 1202 promissiones
469 1121 652 1205 completae,
676 1138 752 1204 quas
775 1122 898 1188 locutus
921 1124 970 1186 est
992 1121 1145 1188 Dominus
1167 1137 1235 1204 per
1257 1135 1296 1182 os
1319 1133 1437 1182 sanc·

224 1233 372 1318 torum,
408 1233 476 1313 qui
498 1250 516 1296 a
538 1233 701 1298 saeculo
725 1235 820 1300 sunt
840 1233 1132 1317 prophetarum
1154 1230 1283 1316 ejula)

323 1343 361 1408 In
383 1342 528 1409 omnibus
549 1343 598 1408 his
621 1343 775 1408 Dominus
790 1342 885 1410 Jesus
909 1344 1096 1426 sordescet,
1119 1342 1270 1416 nimirum
1283 1341 1434 1428 proprias

223 1454 260 1518 ds
283 1471 317 1518 se
338 1453 573 1520 testificationes
595 1471 683 1519 varas
707 1454 882 1536 ostendens,
917 1473 1052 1539 suasque
1085 1453 1175 1520 nobis
1199 1452 1293 1520 simul
1315 1457 1347 1518 et
1368 1470 1434 1538 pa·

222 1569 326 1632 ternas
348 1566 569 1650 promissiones
592 1565 624 1630 in
646 1585 680 1632 se
702 1565 770 1652 ipso
793 1584 830 1632 ac
851 1567 889 1631 de
912 1585 945 1631 se
966 1567 1036 1652 ipso
1050 1565 1231 1650 complens.
1257 1563 1315 1634 Sed
1339 1567 1370 1630 at
1394 1565 1435 1633 in

221 1676 280 1744 hoo
303 1677 418 1744 raritas
441 1676 587 1745 Christus
617 1680 675 1759 est,
710 1678 784 1761 quia
816 1679 902 1745 solus
934 1677 1003 1764 ipse
1035 1694 1107 1744 cum
1130 1676 1224 1741 Patre
1257 1678 1433 1760 sanctoque

223 1785 342 1872 Spiritu
365 1790 397 1854 et
416 1787 669 1874 impermutabile
691 1807 759 1856 esse
781 1786 884 1856 babet.
908 1787 997 1854 Unde
1019 1788 1085 1872 ipse
1107 1788 1148 1852 ad
1169 1787 1317 1872 Moysen:
1338 1805 1433 1872 ago,

222 1898 333 1983 inquit,
372 1918 461 1964 sum
484 1901 548 1984 qui
570 1899 696 1984 euml)
738 1902 769 1968 A
791 1921 851 1986 quo
873 1902 1022 1968 nimirum
1044 1919 1179 1981 summo,
1213 1917 1285 1966 vero
1313 1901 1344 1966 et
1364 1898 1433 1964 im·

220 2009 419 2094 permutabili
452 2031 520 2077 essa
553 2012 677 2097 singula
700 2031 778 2097 quae
800 2017 892 2094 suut,
925 2013 987 2080 nisi
1018 2012 1134 2098 proprii
1169 2031 1237 2078 essa
1259 2008 1431 2086 raritatem

222 2121 419 2204 sortirentur,
442 2123 528 2188 nulla
549 2126 663 2191 essent.
685 2127 721 2190 In
742 2127 866 2190 tantum
889 2128 994 2193 autem
1017 2124 1122 2190 omnia
1137 2126 1168 2189 et
1183 2121 1307 2212 singula
1321 2119 1430 2186 verius

221 2237 303 2315 sunt,
318 2232 352 2298 in
367 2237 517 2319 quantum
536 2252 607 2301 sero
630 2235 703 2302 huic
718 2254 786 2301 esse
801 2235 931 2302 uicinius
953 2235 1205 2322 appropinquant
1227 2251 1255 2300 s.
1270 2251 1302 2318 g.
1317 2231 1429 2312 homo,

220 2344 281 2412 nisi
302 2363 393 2411 verus
413 2344 506 2410 bomo
529 2349 620 2427 esset,
654 2347 759 2412 nullus
783 2350 866 2416 esset
888 2348 942 2413 sed
965 2347 1090 2432 pictura
1122 2343 1259 2415 hominia
1281 2345 1330 2410 rel
1352 2361 1430 2414 um·

219 2454 286 2539 bra,
319 2455 380 2522 nisi
401 2474 473 2522 rara
493 2456 618 2542 pictura
640 2458 689 2524 rel
711 2457 822 2524 umbra
845 2461 938 2540 esset,
975 2459 1062 2524 nulla
1080 2459 1173 2524 esset.
1219 2455 1370 2527 Similiter
1393 2457 1432 2526 et

220 2572 331 2650 cetera,
355 2571 469 2654 quanto
492 2587 511 2633 a
533 2587 605 2635 sero
629 2588 697 2635 esse
720 2570 843 2654 longius
867 2570 1015 2636 recedunt
1029 2570 1062 2636 in
1077 2572 1204 2636 tantum
1219 2567 1323 2637 minus
1339 2569 1428 2650 suna,

220 2698 299 2765 quae
331 2681 511 2748 nullomodo
545 2681 640 2748 etiam
677 2682 726 2748 rel
758 2682 836 2748 nihil
872 2701 1001 2766 prorsus
1023 2683 1056 2748 in
1078 2683 1171 2750 rebus
1195 2681 1369 2758 existerent,
1396 2677 1430 2743 si

219 2811 361 2860 summae
382 2791 455 2860 huic
477 2794 602 2860 veritmi
623 2795 656 2859 in
677 2794 763 2860 nullo
785 2793 1020 2880 participarent.
1055 2792 1129 2878 Ipse
1150 2810 1286 2878 namque
1307 2789 1428 2860 veritas

220 2903 363 2973 Christus
385 2904 524 2971 Verbum
547 2905 651 2972 Patris
675 2908 732 2986 est,
755 2906 787 2971 in
810 2923 870 2990 quo
892 2908 924 2970 et
945 2925 1002 2990 per
1024 2906 1107 2990 quod
1128 2905 1206 2972 dixit
1220 2904 1307 2972 Deus
1329 2899 1430 2972 Pater

218 3017 252 3084 in
273 3015 436 3101 principio,
468 3020 504 3081 ut
538 3016 672 3083 mundns
696 3020 727 3082 et
749 3036 795 3097 ea,
829 3035 908 3102 quae
940 3018 973 3082 in
1005 3016 1228 3097 mundorum,
1261 3014 1370 3080 fiarent
1392 3015 1431 3082 et

218 3123 302 3193 iacta
316 3129 404 3212 sunt3
418 3145 475 3193 neo
490 3127 574 3194 aliud
589 3128 729 3194 omnium
744 3131 776 3193 et
791 3127 987 3214 singulorum
1008 3148 1076 3194 esse
1098 3127 1148 3194 rel
1169 3125 1271 3192 forma
1288 3130 1344 3208 ast,
1361 3125 1429 3192 nisi

219 3236 301 3322 quod
322 3238 356 3302 in
376 3238 461 3305 illius
476 3237 571 3305 Verbi
586 3243 711 3305 aeterna
733 3241 863 3307 veritate
886 3239 1117 3329 sapientissime
1139 3239 1339 3326 praefinitum
1362 3241 1426 3306 est.

218 3347 308 3416 Unde
329 3349 432 3416 David
462 3350 496 3415 in
529 3352 643 3435 spiritu
665 3350 733 3416 Deo
756 3351 922 3418 confitetur
943 3352 1064 3418 dicensr
1090 3351 1225 3418 Omnia
1246 3350 1283 3416 in
1305 3348 1429 3436 Sapi-

219 3462 326 3528 entia
347 3462 524 3546 lecisti.⁴)
547 3464 628 3531 Idem
649 3462 862 3547 Evangelista:
900 3464 1008 3546 Quod
1030 3463 1281 3544 factumest,
1305 3461 1422 3547 inquit,

218 3568 367 3655 inipso
390 3568 477 3635 vita
505 3566 635 3654 erat.)

317 3672 359 3740 Et
379 3673 439 3738 hoc
461 3673 585 3757 quidem
607 3674 792 3758 generaliter
814 3676 852 3739 de
875 3676 960 3739 omni
981 3677 1123 3740 creatura
1145 3673 1354 3738 sentiendum.
1378 3708 1428 3720 -—

219 3782 363 3852 (letarum
384 3784 544 3851 rationalis
567 3787 725 3852 creaturae
747 3785 857 3851 electio
881 3786 920 3850 ad
935 3785 1033 3850 uitam
1048 3784 1297 3869 praeordinatam
1311 3784 1427 3848 vocata

218 3898 251 3962 et
271 3900 433 3980 assumpta
456 3897 544 3962 tanto
567 3896 670 3962 verius
693 3899 725 3961 et
745 3895 866 3962 beatius
889 3915 997 3962 verum
1019 3896 1098 3962 illud
1120 3900 1152 3964 at
1174 3897 1330 3982 singulare
1352 3915 1427 3962 essa

217 4007 394 4093 participat,
429 4010 544 4092 quanto
578 4008 722 4074 electioni
755 4009 970 4092 vocationique
1003 4025 1077 4074 suae
1099 4009 1288 4076 concordans
1321 4007 1427 4073 eidem

217 4137 291 4185 raro
313 4137 382 4185 esse
403 4137 459 4203 par
479 4117 630 4184 bonitatis
654 4120 892 4187 similitudinem
915 4140 950 4185 es
973 4121 1148 4188 dilectionis
1171 4121 1291 4187 feruore
1306 4138 1427 4206 appro-

219 4227 389 4316 pinquaal)
423 4230 497 4295 dum
519 4229 602 4295 sicut
624 4232 690 4316 ipse
712 4234 760 4298 est
781 4231 882 4299 bonus
905 4235 936 4297 et
957 4231 1035 4298 nihil
1071 4251 1178 4298 eorum
1203 4232 1319 4312 odiens,
1342 4248 1426 4316 quae

223 4373 471 4383 u—-a-——n

322 4419 341 4486 ¹)
361 4419 433 4472 Joan.
455 4418 478 4473 1.
500 4419 543 4473 16.
574 4445 606 4457 -
638 4417 740 4488 ¹)Luc.
762 4420 785 4474 1.
807 4419 850 4474 70.
870 4449 904 4460 -
925 4419 1094 4489 aurona.
1115 4420 1159 4477 14.
1186 4449 1219 4460 -
1248 4418 1271 4490 ⁴)
1289 4419 1333 4476 Ps.
1354 4419 1418 4476 103.

218 4510 263 4570 al.
283 4539 317 4550 -
338 4507 362 4579 ⁸)
379 4511 450 4564 Joan.
471 4510 496 4565 1.
515 4511 541 4566 3.
561 4511 587 4566 4.
608 4537 641 4550 -
663 4509 684 4580 ⁸)
702 4511 758 4567 cod.
779 4516 989 4582 appropinquant.
