3168 5190
249 409 313 476 284

248 582 332 649 tione
350 585 424 667 quid
442 584 554 649 sentiat
574 586 606 648 et
626 583 676 649 oui
697 587 825 649 naturae
844 584 1062 649 exaltationem
1075 585 1236 650 attribuat.
1258 582 1448 650 Libronono

248 694 285 758 de
307 697 414 759 saneta
426 695 577 761 Trinitate
592 697 616 779 ¹)
639 697 719 762 inter
733 696 842 775 multa,
866 713 945 780 quae
963 696 1000 759 do
1013 694 1136 762 Christo
1158 698 1225 762 toto
1250 696 1314 760 Deo
1327 713 1363 761 ao
1375 699 1446 761 toto

247 804 370 870 homine
381 809 488 871 eontra
501 805 672 872 haereticos
685 806 830 872 disseruit
844 807 887 870 ait
902 807 935 870 in
949 807 1025 871 haee
1036 806 1130 872 uerba
1142 807 1308 891 evangeiii:
1335 806 1449 884 „Nunc

251 917 487 995 „honorifioatus
507 917 648 982 estfilius
671 916 805 980 hominis
820 919 851 981 et
865 917 949 981 Deus
972 917 1194 983 honorificatus
1217 918 1319 982 estin
1341 935 1389 984 ee.
1413 916 1447 984 Si

250 1032 352 1109 „Deus
365 1030 585 1096 honorificatus
596 1033 643 1095 est
656 1031 686 1094 in
700 1049 735 1094 eo
748 1032 779 1093 et
791 1027 1099 1095 Doushonorifioabit
1112 1048 1183 1094 eum
1194 1030 1225 1094 in
1239 1049 1307 1095 sese
1318 1032 1350 1094 et
1359 1029 1449 1094 Deus

249 1143 408 1228 „protinus
421 1141 637 1208 honorificabit
650 1160 730 1206 eum.
743 1141 831 1223 Quid,
841 1140 950 1224 inquit,
960 1141 1063 1205 limosi
1075 1140 1213 1224 corporis
1226 1140 1329 1223 gravis
1340 1140 1448 1204 anima

245 1258 294 1330 „et
311 1256 454 1322 sordente
471 1258 605 1342 peooatis
625 1254 813 1322 conscientia
831 1252 964 1319 foetidae
980 1269 1190 1335 coenosaeque
1207 1251 1320 1317 mentis
1340 1269 1441 1334 usque

245 1367 302 1446 „ad
320 1366 474 1450 judicium
493 1367 614 1432 dirime
629 1367 667 1431 de
678 1385 711 1431 ee
723 1365 923 1451 professionis
939 1363 1065 1428 inflatur
1074 1365 1099 1448 ⁹)
1115 1368 1151 1431 ut
1167 1363 1300 1429 arbitros
1314 1382 1371 1429 nos
1382 1380 1442 1427 na·

246 1484 352 1558 „turae
375 1477 516 1544 eoelestis
541 1477 722 1560 deputantes
734 1475 838 1558 impiis
849 1471 888 1540 ad
903 1477 1005 1540 Deum
1020 1474 1442 1558 calumniaenostraedispu·

247 1589 438 1669 „tationibus
450 1584 651 1671 fallamur?³)-
670 1588 792 1669 Quanta
806 1589 908 1670 potuit
925 1590 1007 1652 enim
1020 1589 1171 1653 Dominus
1185 1586 1351 1652 verborum
1362 1585 1443 1650 sim·

247 1702 404 1786 „plicitate
420 1691 631 1783 evangelicam
644 1700 736 1765 fidem
752 1699 875 1764 loeutus
899 1702 947 1763 est
969 1702 1001 1764 et
1022 1699 1054 1764 in
1076 1697 1442 1781 tantumadinteliigen-

244 1814 339 1891 „tiam
360 1817 500 1879 nostram
522 1819 678 1880 sermones
700 1813 820 1896 aptavit
842 1812 874 1874 in
891 1813 1044 1895 quantum
1060 1813 1189 1875 naturae
1203 1812 1327 1874 nostrae
1342 1808 1441 1874 terret

245 1925 437 2004 „infirmitas
468 1943 530 1990 non
552 1928 657 1990 tamen
679 1927 715 1988 ut
738 1923 903 2006 quiequam
936 1923 1038 1988 minus
1061 1921 1190 2006 dignum
1211 1924 1339 1987 naturae
1361 1937 1439 1986 suae

244 2037 426 2121 „majestate
446 2037 634 2120 loqueretur.
677 2031 717 2100 Et
738 2034 871 2117 primam
904 2033 1028 2117 quidem
1062 2034 1137 2100 dieti
1172 2033 1221 2098 sui
1251 2032 1438 2117 significati·

244 2166 354 2226 „onom
385 2166 446 2212 non
480 2146 658 2230 ambiguam
687 2147 829 2211 existimo
853 2164 923 2211 eum
945 2145 1007 2210 ait:
1041 2164 1123 2212 nuno
1144 2144 1366 2211 honorificatus
1389 2146 1440 2209 est

241 2259 343 2337 „iilius
365 2259 509 2325 hominis.
546 2257 652 2324 Gloria
674 2257 756 2322 enirn
790 2258 890 2324 omnis
913 2276 975 2322 non
997 2257 1091 2323 verbo
1115 2258 1169 2322 sed
1191 2257 1275 2322 oami
1296 2257 1437 2340 aequiro-

244 2369 356 2446 „batur
377 2371 409 2435 id
431 2373 480 2436 est
500 2388 563 2435 non
583 2369 741 2434 nativitati
762 2369 820 2434 Dei
854 2370 908 2434 sed
938 2369 1005 2434 nati
1037 2368 1171 2436 hominis
1204 2367 1438 2451 dispensationi.

243 2481 330 2559 „Hoo
351 2499 423 2546 vero
446 2481 529 2564 quod
551 2481 700 2564 sequitur,
725 2480 797 2563 quid
821 2477 1012 2563 signifieat4)
1034 2481 1207 2562 interrogo:
1234 2482 1266 2544 et
1275 2475 1361 2546 Deus
1382 2479 1438 2544 ho

246 2591 443 2668 „norifioatus
467 2591 568 2657 estin
591 2609 636 2656 eo.
681 2589 929 2655 Honoriiioatum
951 2591 1087 2656 enimin
1110 2608 1145 2656 eo
1168 2590 1270 2654 Deum
1291 2589 1382 2654 audio
1406 2591 1440 2654 et

243 2702 336 2786 „quid
368 2702 454 2768 istud
477 2702 519 2768 sit
541 2701 712 2768 seeundum
748 2702 987 2785 intelligentiam
1008 2704 1106 2781 tuam,
1129 2701 1291 2782 haeretice,
1315 2703 1435 2786 ignoro.

243 2815 344 2892 „Deus
366 2811 399 2877 in
420 2832 455 2880 eo
476 2811 696 2878 honorificatus
721 2814 778 2906 est,
801 2811 834 2877 in
857 2812 935 2877 Filio
958 2813 1064 2897 utique
1085 2812 1229 2878 hominis.
1259 2813 1301 2878 Et
1323 2829 1437 2895 quaero

242 2941 299 3006 „an
320 2923 404 2989 filius
426 2925 561 2988 hominis
584 2924 667 2988 idem
689 2922 731 2988 sit
752 2925 784 2988 et
805 2923 888 2989 filius
911 2923 978 2989 Dei.
1003 2924 1042 2988 nt
1064 2943 1136 2988 oum
1158 2943 1220 2989 non
1243 2925 1329 2990 aliud
1346 2925 1371 3008 ⁵)
1395 2924 1438 2990 sit

242 3035 342 3114 „filius
364 3035 497 3100 hominis
520 3055 618 3118 neque
639 3036 723 3101 aliud
736 3035 764 3119 Ε)
799 3037 840 3102 sit
869 3036 951 3101 iilius
975 3037 1042 3118 Dei,
1076 3036 1215 3102 Verbum
1248 3037 1330 3102 enim
1364 3055 1436 3104 earo

242 3145 380 3224 „factum
403 3150 459 3225 est,
491 3150 523 3212 et
545 3164 617 3212 eum
641 3149 693 3232 qui
714 3149 797 3234 filius
820 3148 878 3213 Dei
900 3151 948 3213 est
977 3149 1043 3230 ipse
1065 3151 1096 3212 et
1119 3147 1254 3213 hominis
1276 3147 1360 3214 filius
1384 3149 1436 3228 sit,

241 3257 391 3342 „requiro
427 3258 495 3342 quis
518 3260 550 3323 in
571 3259 631 3324 hoo
653 3260 718 3325 filio
741 3259 885 3338 hominis,
920 3261 1027 3343 quiet
1048 3259 1131 3325 filius
1155 3259 1214 3325 Dei
1236 3261 1293 3338 e'st,
1316 3259 1437 3343 glorifi-

159 3401 161 3406 ·
244 3373 350 3447 „catus
384 3374 440 3448 est,
459 3369 484 3453 6)
516 3373 612 3438 Deus.
658 3373 698 3436 Et
721 3372 793 3454 quia
815 3371 847 3435 in
869 3370 932 3435 filio
967 3369 1111 3454 hominis,
1145 3370 1197 3454 qui
1219 3369 1355 3435 attilius
1378 3370 1438 3434 Dei

241 3484 316 3562 „est
339 3483 531 3567 glorificatus
553 3487 602 3548 est
623 3483 729 3563 Deus;
763 3483 931 3562 uideamus
966 3482 1040 3566 quid
1072 3482 1203 3561 sithoc,
1239 3482 1321 3565 qnod
1342 3482 1435 3548 tertio

241 3593 412 3675 „subditur‚
436 3595 463 3660 si
481 3597 566 3661 Deus
589 3596 780 3681 glorificatus
811 3597 859 3659 est
881 3593 914 3658 in
937 3612 972 3659 eo
994 3597 1026 3659 et
1048 3594 1132 3658 Deus
1154 3591 1341 3677 glorificabit
1365 3611 1439 3658 eum

243 3706 293 3782 „in
322 3725 398 3772 sese.
444 3707 524 3788 Quid
557 3708 642 3773 istud
675 3727 750 3793 rogo
782 3707 966 3773 sacramenti
995 3706 1178 3790 mysterium
1201 3709 1261 3773 est:
1295 3704 1380 3770 Deus
1403 3706 1437 3770 in

167 3816 169 3820 ’
241 3814 337 3892 „Filio
364 3816 499 3883 hominis
530 3818 703 3902 glorifioato
736 3818 946 3903 glorificatum
976 3819 1080 3885 Deum
1112 3816 1266 3901 glorificet
1285 3815 1318 3881 in
1340 3819 1434 3882 sese?

240 3926 295 4003 „In
316 3926 380 3992 filio
395 3928 529 3995 hominis
545 3931 603 3995 Dei
624 3930 786 4015 gloriaest
804 3933 835 3994 et
849 3930 949 4014 gloria
965 3930 1021 3995 Dei
1036 3926 1061 4013 ⁷)
1083 3928 1183 4013 gloria
1199 3927 1255 3992 filii
1269 3927 1432 3993 hominis?

340 4132 358 4203 ¹)
378 4135 419 4188 ed.
440 4138 510 4189 Basil
532 4137 601 4192 1550
618 4153 678 4203 pag.
699 4135 759 4190 179.
786 4165 818 4176 -
847 4132 869 4203 ²)
887 4135 989 4187 Confer.
1009 4135 1055 4192 lib.
1076 4139 1155 4188 contr.
1175 4135 1239 4187 duas
1257 4135 1358 4189 haeres.
1378 4152 1434 4202 esp.

236 4227 262 4281 4.
283 4225 334 4279 Pez
353 4227 418 4278 thes.
438 4228 526 4283 eneod.
546 4244 601 4280 nov.
620 4231 691 4282 Tem.
711 4226 733 4282 Ι,
754 4244 778 4294 p.
797 4225 833 4281 II.
854 4228 903 4280 ool.
922 4227 984 4282 302.
1008 4256 1036 4265 -
1060 4228 1080 4293 ³)
1102 4227 1184 4293 Super
1202 4227 1318 4282 Verbum
1336 4228 1434 4296 „falla

237 4324 311 4370 mur“
330 4321 357 4370 in
376 4319 465 4370 codiee
485 4322 607 4385 seriptum
625 4325 664 4372 est
682 4320 742 4383 „vel
754 4319 896 4372 feramur.“
923 4347 956 4356 -
988 4319 1059 4373 Edit.
1079 4334 1169 4385 graves
1189 4322 1289 4372 animae
1307 4321 1433 4383 inflamur,

237 4415 273 4474 ut,
293 4411 360 4476 disp.
386 4410 550 4466 rebellamus.
577 4440 610 4450 -
637 4411 660 4481 ⁴)
685 4411 726 4466 ed.
747 4411 883 4476 signifieat.
909 4439 942 4449 -
970 4409 990 4479 ὃ)
1015 4411 1056 4465 od.
1075 4411 1152 4466 alius.
1174 4440 1206 4450 -
1227 4409 1248 4482 ⁶)
1267 4412 1309 4467 ed.
1329 4413 1369 4463 sit.
1400 4441 1433 4451 -

240 4499 260 4572 ¹)
281 4502 321 4557 ed.
342 4502 390 4554 Dei
409 4503 445 4554 in
463 4503 554 4568 gioria.
