3172 5202
1293 401 1335 470 95

135 572 218 640 scitu
240 573 390 656 mysteria
410 573 521 638 innuit.
545 573 591 638 De
607 572 751 656 qualibus
772 574 848 639 item
870 574 937 660 ipse
960 577 1182 659 consequenter
1210 575 1340 660 requisi·

134 686 188 750 tos
211 683 452 770 aitdiscipulis:
479 682 618 748 Vobis
641 686 793 749 datum
816 688 887 750 est
908 703 1043 750 nosse
1064 686 1339 769 mysterium

134 794 268 879 regni
290 795 371 861 Dei
392 794 566 862 ceteris
590 799 740 861 eutem
764 797 806 862 in
827 795 1127 882 parabolis.¹)

586 1203 695 1270 Cap.
713 1201 896 1258 XLVII.
1028 1263 1029 1266 Ἴ

308 1323 355 1391 Ile
377 1313 517 1393 llircauc
539 1325 573 1392 et
595 1324 782 1395 Aristobulo
805 1325 966 1395 tratribus
987 1313 1163 1412 germanis.

123 1503 130 1515 ⁴
235 1509 345 1594 Itaque
378 1511 460 1578 sicut
487 1513 635 1596 mysteria
668 1514 757 1598 regni
784 1514 843 1580 Dei
869 1514 984 1582 sanctis
1012 1515 1166 1598 inquirere
1198 1515 1238 1582 ad
1260 1514 1333 1582 fidei

134 1617 406 1688 confirmationem
427 1621 504 1689 utile
525 1641 561 1688 ao
582 1622 765 1690 delectabile
787 1628 843 1705 est,
867 1624 912 1690 ita
927 1628 958 1691 et
973 1627 1122 1709 mysteria
1142 1625 1332 1712 operationis

131 1733 267 1802 Satanae
288 1752 345 1818 pro
368 1731 497 1800 uer'itate
519 1733 745 1819 scripturarum
775 1736 1015 1803 demonstranda
1045 1737 1200 1820 inquirere
1223 1741 1254 1804 et
1274 1737 1334 1803 im·

129 1845 218 1930 pleta
240 1844 453 1911 demonstrare
474 1845 534 1912 etsi
555 1847 658 1913 minus
681 1847 775 1913 habet
797 1848 1009 1916 delectationis
1039 1867 1102 1914 non
1123 1849 1202 1915 nihil
1224 1853 1329 1916 tamen

129 1954 204 2021 fidei
220 1955 287 2040 spei
302 1958 334 2021 et
349 1955 502 2036 charitati,
526 1974 603 2040 quae
618 1958 651 2022 in
667 1957 768 2023 Deum
785 1962 841 2039 est,
865 1957 955 2026 affert
970 1958 1192 2026 aedificationis
1210 1961 1329 2027 dicente

128 2065 288 2133 Domino:
313 2064 393 2131 His
416 2069 564 2132 autem
586 2067 697 2134 fieri
720 2068 1069 2154 incipientibus
1091 2070 1323 2157 respicite

9 2179 42 2256 “,
128 2177 1327 2278 etlevatecapitauestra,quiaeccsappropinquat

125 2289 355 2355 redemtio
385 2293 551 2358 vestra.
568 2290 593 2377 ²)
626 2293 850 2359 Verumtamen
874 2293 953 2359 scire
976 2295 1114 2377 oportet,
1147 2295 1230 2379 quod
1252 2298 1325 2360 ante

124 2401 206 2468 hanc
229 2403 399 2468 secundam
416 2402 492 2468 idoli
512 2403 699 2489 positionem
720 2403 753 2469 in
775 2405 892 2489 templo
909 2403 1030 2471 duobus
1045 2406 1200 2488 germanis
1217 2405 1322 2471 fratri·

123 2513 184 2580 bus
206 2515 345 2581 Hircano
368 2518 400 2581 et
421 2515 622 2596 Aristobulo,
658 2518 710 2601 qui
744 2537 779 2582 ex
811 2519 909 2602 regali
942 2501 1036 2582 simul
1070 2519 1102 2580 et
1135 2515 1319 2582 sacerdotali

125 2627 224 2713 stirpe
260 2627 499 2708 descenderant,
535 2629 572 2694 de
603 2628 778 2695 sacerdotio
806 2633 838 2694 et
865 2647 960 2713 regno
995 2624 1253 2693 contendentibus
1286 2643 1323 2692 ac

124 2737 288 2803 civitatem
311 2741 343 2804 et
363 2739 555 2824 prouinciam
578 2739 728 2806 intestino
752 2739 832 2806 bello
862 2737 1042 2805 vexantibus
1064 2737 1152 2803 locus
1175 2735 1324 2821 regnandi

121 2849 296 2935 parabatur
318 2850 435 2916 Herodi
461 2851 601 2933 funesto,
636 2850 689 2935 qui
721 2869 756 2916 ex
777 2852 867 2935 patre
889 2850 1036 2916 Idumaeo
1060 2852 1091 2913 et
1112 2851 1212 2914 matre
1235 2851 1322 2914 ortus

122 2960 249 3028 arabica
271 2961 392 3047 primus
416 2960 588 3047 alienigena
609 2979 741 3046 regnum
760 2961 899 3029 Judaeae
920 2959 1095 3045 provinciae
1118 2979 1154 3025 ex
1168 2959 1274 3026 favore
1291 2960 1323 3025 et

122 3071 326 3140 concessione
349 3073 561 3140 Romanorum
583 3071 726 3151 obtinuit,
758 3074 794 3137 ut
815 3071 998 3157 impleretur
1024 3071 1102 3137 illud
1124 3068 1323 3137 Patriarobae

124 3183 228 3251 Jacob
252 3184 433 3250 vaticinium
456 3180 723 3250 dicentiszNon
756 3183 998 3249 auferetur
1021 3185 1255 3269 sceptrum
1278 3183 1326 3250 de

123 3292 1321 3379 Judaetduxdefemoribusejusdonecveniatqui

123 3404 387 3471 mittendus
411 3404 491 3468 est.
508 3405 533 3490 3)
555 3403 589 3471 Is
612 3425 686 3489 ergo
706 3407 857 3485 Horcdes,
881 3410 917 3472 ut
939 3425 1034 3492 supra
1056 3405 1320 3490 praestrinximus,

120 3518 294 3600 postquem
316 3535 447 3602 regnum
472 3517 607 3583 obtinuit
629 3519 783 3602 templum
805 3518 891 3595 illud,
917 3517 998 3602 quod
1020 3515 1228 3582 aZorcbabel
1242 3517 1321 3584 duce

119 3626 208 3693 Juda
231 3631 263 3692 et
284 3644 303 3692 a
324 3626 397 3694 filiis
421 3627 705 3713 transmigrationis
740 3627 778 3694 de
806 3627 977 3712 Babylonia
991 3631 1016 3712 ⁴)
1046 3628 1176 3694 reversis
1206 3629 1324 3695 reaedi-

118 3738 251 3806 ficatum
281 3739 393 3820 fuerat,
418 3740 577 3824 sexaginta
605 3739 755 3806 nimirum
785 3739 961 3807 cubitorum
983 3741 1181 3807 altitudinem
1203 3738 1320 3806 habens

113 3849 208 3934 juxta
236 3849 307 3933 (tyri
337 3850 419 3935 regis
443 3851 609 3917 Persarum
636 3850 876 3932 concessionem,
904 3853 974 3932 hoc,
1000 3853 1136 3936 inquam,
1167 3852 1320 3936 templum

115 3963 145 4028 is
169 3963 208 4027 de
232 3979 292 4046 qno
315 3961 473 4045 loquimur
494 3960 636 4030 funestus
658 3964 797 4030 Herodes
820 3965 858 4030 ed
881 3968 996 4031 terram
1019 3965 1162 4049 deposuit
1184 3967 1217 4030 et
1230 3965 1315 4030 aliud

223 4229 243 4298 ¹)
261 4233 324 4287 Luc.
345 4231 370 4286 8.
393 4230 434 4286 10.

224 4334 243 4394 ²)
260 4331 321 4382 Luc.
342 4329 385 4384 21.
406 4329 450 4384 28.

223 4424 245 4494 ³)
263 4429 325 4481 Gen.
344 4427 388 4482 49.
408 4427 450 4482 10,

222 4525 244 4596 ⁴)
262 4527 318 4580 cod.
337 4525 502 4594 babylonica.
