3172 5202
230 419 293 484 110

227 589 343 658 Christi
365 588 523 673 discipulis
554 591 636 657 sicut
664 589 767 655 officio
795 588 840 654 ita
867 591 899 654 et
924 590 1063 657 moribus
1086 611 1123 657 ao
1144 593 1310 676 pastoralis
1334 611 1428 659 curae

227 701 387 786 vigilantia
409 701 625 781 successerint,
648 704 768 768 sincera
789 720 845 785 pro
869 699 978 767 ovibus
993 703 1157 769 affectione
1175 704 1324 769 solliciti?
1348 704 1430 770 Sane

171 792 184 847 ³
227 815 395 881 multitudo
423 811 578 879 iuvenitur
607 832 730 892 eorum,
766 813 819 896 qui
847 813 947 896 magis
976 830 1118 896 praeesse
1149 832 1242 897 quarn
1270 815 1430 899 prodesse,

227 926 328 1011 magis
350 928 492 1010 pastores
515 925 575 990 dici
598 943 689 1008 quarn
714 943 782 990 esse
805 927 923 990 curent.
963 925 1115 1008 Qualibus
1138 925 1199 990 dici
1222 926 1387 992 conveniat
1407 945 1429 993 a

227 1038 380 1103 Domino:
412 1036 590 1103 venistis
624 1037 667 1100 ad
702 1055 757 1102 mc
788 1056 863 1103 non
891 1037 984 1120 quia
1011 1037 1128 1120 signa
1164 1037 1332 1104 vidistis
1355 1038 1431 1104 sed

229 1148 321 1231 quia
358 1147 627 1211 manducastis
670 1146 715 1213 de
750 1147 923 1232 panibus
961 1148 1107 1232 meis.¹)
1151 1149 1278 1214 Talibus
1316 1148 1428 1214 amicis

227 1276 354 1323 mensae
376 1256 531 1324 committi
554 1255 730 1336 ecclesiam,
760 1276 832 1322 cum
855 1256 968 1342 ubique
991 1259 1177 1326 damnosum
1200 1259 1261 1340 sit,
1284 1257 1317 1323 in
1339 1256 1430 1339 urbe,

228 1387 308 1453 quae
330 1371 425 1459 caput
446 1371 495 1434 est
517 1365 610 1446 orbis,
634 1368 721 1432 tanto
738 1368 927 1449 damnosius,
952 1373 1069 1453 quanto
1092 1371 1131 1436 ad
1152 1369 1218 1455 ejus
1241 1371 1323 1438 sedis
1347 1369 1432 1435 anti-

229 1479 335 1546 stitem
357 1477 397 1543 ab
419 1479 564 1546 omnibus
588 1477 724 1544 ecelesiis
746 1478 900 1563 appellare
920 1477 1042 1546 licitum
1065 1484 1113 1546 est
1135 1484 1167 1548 et
1188 1482 1279 1565 quasi
1303 1482 1344 1547 ad
1359 1497 1434 1564 osy·

228 1591 295 1656 lum
319 1609 355 1656 ex
376 1592 443 1656 toto
466 1589 540 1656 orbe
562 1608 727 1675 oppressos
750 1590 926 1675 confugere.

708 1878 815 1946 Cap.
835 1875 954 1934 LVI.

286 1999 333 2067 lle
353 1999 609 2088 appellationum
630 1999 783 2069 abusione
805 2001 902 2089 atque
925 2000 1068 2068 abusivis
1090 1997 1373 2087 appellationibus.

330 2188 497 2254 Videamus
519 2192 625 2254 auteur
646 2190 679 2255 in
701 2191 828 2274 queml)
861 2207 1043 2275 perversum
1072 2207 1164 2254 usum
1196 2187 1291 2253 etiam
1325 2187 1435 2271 appel·

229 2298 355 2366 lationis
385 2302 557 2367 remedium
584 2302 758 2368 derivatum
784 2308 841 2370 cst.
880 2303 1028 2388 Apellant
1054 2319 1188 2384 namquo
1215 2299 1366 2385 flagitiosi
1400 2301 1434 2366 et

229 2409 410 2491 facinorosi,
439 2411 466 2477 si
495 2412 576 2479 forte
606 2413 724 2498 pulsati
745 2414 876 2494 fuerint,
910 2433 972 2479 nou
995 2413 1078 2497 quod
1101 2433 1134 2478 se
1154 2411 1261 2496 inique
1282 2411 1432 2496 gravatos

231 2522 368 2588 sentiant
390 2524 443 2589 scd
466 2527 502 2588 ut
523 2526 671 2608 peccandi
693 2526 753 2591 sibi
768 2527 817 2592 vel
831 2527 871 2592 ad
887 2529 1010 2610 tempus
1025 2524 1248 2609 impunitatem
1262 2521 1434 2598 redimant;

231 2634 396 2718 appellant,
414 2633 527 2719 quiquo
538 2637 657 2716 uolunt,
673 2640 744 2702 ante
755 2637 896 2703 auditam
907 2637 957 2701 vel
968 2636 1072 2701 datam
1085 2635 1281 2714 sententiam,
1299 2631 1435 2700 scientes

231 2745 471 2829 appellationem
501 2748 767 2832 qualitercumque
796 2749 837 2814 ad
866 2748 973 2813 sedeur
1001 2745 1208 2831 apostolicam
1230 2745 1348 2811 iactam
1370 2742 1438 2808 Ro-

233 2855 333 2921 manis
355 2874 417 2921 non
440 2876 508 2924 esse
529 2858 695 2942 ingratam.
738 2859 805 2924 Neo
831 2858 907 2923 satis
933 2857 1001 2942 jam
1023 2861 1072 2922 est
1093 2855 1310 2940 appellationis
1332 2854 1430 2920 inter·

233 2965 385 3050 positione
407 2985 545 3050 quosque
576 2967 636 3032 sibi
657 2969 805 3052 peccandi
828 2974 950 3052 tempus
973 2967 1133 3046 redimere,
1165 2968 1292 3051 insuper
1315 2968 1347 3032 et
1369 2983 1436 3030 cor-

233 3095 295 3142 nua
327 3077 492 3142 adversum
525 3097 588 3158 eos,
621 3097 640 3143 a
674 3079 785 3163 quibus
819 3080 935 3163 pulsati
967 3079 1084 3145 luerint
1114 3079 1164 3144 uel
1196 3077 1293 3144 etiam
1326 3079 1438 3145 contra

231 3185 361 3270 judiees,
385 3206 490 3253 coram
523 3188 636 3272 quibus
671 3192 846 3274 pulsantur,
876 3191 1001 3276 erigunt
1036 3189 1095 3256 sub
1128 3190 1207 3254 falsa
1228 3189 1363 3274 quadam
1381 3205 1439 3271 ap-

234 3298 411 3384 pellationis
444 3299 580 3385 imagine
609 3321 662 3368 eos
695 3302 734 3367 ad
766 3303 972 3387 apostolicam
995 3303 1100 3368 sedem
1122 3303 1337 3385 prouocantes.
1367 3297 1437 3383 Ap·

234 3410 326 3492 pello,
348 3411 511 3496 inquiunt,
543 3416 573 3477 te
595 3413 635 3478 ad
657 3412 838 3480 Romanum
860 3415 1059 3495 Pontificem¹
1091 3417 1127 3478 ut
1153 3413 1208 3479 illo
1239 3414 1289 3479 uel
1310 3413 1363 3479 illo
1386 3411 1439 3476 die

238 3544 344 3595 coram
367 3543 403 3590 eo
426 3522 503 3588 milri
525 3524 563 3590 de
585 3523 697 3607 injuria
719 3525 806 3591 illata
828 3527 1023 3609 respondeas.
1049 3527 1135 3608 Quae
1150 3523 1244 3591 uerba
1259 3523 1304 3590 eis
1320 3523 1440 3606 scripta

235 3637 408 3724 porrigunt,
432 3640 468 3702 ut
489 3636 642 3721 majorem
665 3641 816 3703 terrorem
831 3637 896 3704 suis
912 3637 1079 3723 appellatis
1093 3635 1256 3716 incutiant,
1280 3635 1438 3701 adinstar

238 3749 383 3815 uidelicet
404 3748 495 3814 aselli
516 3749 664 3832 pavidum
685 3766 779 3832 pecus
801 3750 880 3831 pelle
895 3748 994 3815 leonis
1010 3747 1193 3814 territantis.
1216 3745 1344 3814 Itanon
1360 3745 1440 3813 ratis

237 3863 294 3940 est,
327 3857 570 3944 appellationem
602 3857 718 3943 iniquis
746 3861 778 3924 et
806 3857 1058 3925 malefactoribus
1092 3859 1132 3924 ad
1164 3858 1247 3923 male
1279 3857 1440 3943 agendum

236 3969 424 4056 patrocinari
446 3968 507 4035 nisi
528 3971 561 4035 et
582 3971 697 4054 cogant
718 3969 935 4054 appellationis
963 3968 1147 4053 imaginaria
1174 3968 1275 4052 specie
1296 3967 1440 4053 proprios

232 4083 353 4170 judices
376 4087 408 4149 et
429 4081 599 4168 episcopos,
612 4082 706 4149 etiam
722 4086 876 4168 quotquot
890 4100 1000 4167 gruum
1016 4097 1166 4166 personas
1184 4078 1304 4164 judicio
1327 4096 1442 4163 ooope-

239 4197 352 4276 rautes,
375 4193 486 4280 grandi
507 4194 557 4261 ria
578 4193 729 4263 laborare.
752 4194 805 4288 Sic
827 4195 909 4261 enim
931 4193 1019 4278 quasi
1041 4191 1192 4279 appellati
1214 4191 1355 4277 plerique
1375 4208 1442 4256 non

241 4337 489 4349 ...-...——

342 4407 361 4479 ¹)
381 4409 454 4465 Joan.
474 4409 501 4463 6.
520 4408 566 4464 26.

349 4505 370 4578 θ)
388 4507 445 4562 eod.
464 4522 549 4575 quam.
