3172 5202
1304 444 1367 511 149

154 601 283 682 pensari
314 601 417 686 magis
451 622 523 671 uero
546 605 690 692 dissipari
712 625 769 692 ego
791 609 915 692 penitus
949 611 1080 678 aestimo
1114 612 1290 682 damnabile
1328 634 1364 682 ac

155 707 366 780 simoniacum
388 717 421 782 et
442 717 518 800 puto
545 715 630 785 idem
651 717 790 786 veritatis
814 738 883 786 esse
900 720 1065 804 judicium.

608 1026 718 1095 Gap.
738 1025 919 1084 Lxxv.

497 1148 543 1218 lle
565 1149 725 1220 similibus
748 1150 834 1219 idem
852 1150 1022 1240 judicium.

259 1336 374 1403 Dicant
396 1341 502 1404 autem
524 1341 557 1404 et
576 1338 636 1422 ipsi
657 1337 753 1419 mihi,
777 1337 918 1424 obsecro,
942 1357 1075 1423 quorum
1098 1343 1146 1406 est
1167 1343 1240 1424 post
1261 1340 1364 1406 Deum

156 1446 267 1515 orbem
289 1451 390 1516 terrae
422 1449 455 1513 iu
476 1447 635 1533 aequitate
651 1449 805 1534 judicare,
834 1449 990 1533 judicium
1012 1452 1095 1534 qnod
1117 1470 1169 1517 eos
1191 1451 1362 1537 interrogo.

259 1561 293 1629 Si
325 1563 407 1628 iuter
440 1562 520 1628 dnos
555 1561 717 1647 episcopos
750 1562 905 1628 mediante
942 1561 1073 1646 pecunia
1105 1561 1294 1641 convenerit,
1327 1565 1364 1627 ut

156 1675 292 1757 quatuor
321 1677 377 1739 aut
410 1673 545 1757 quinque
575 1676 631 1738 aut
662 1675 766 1756 plures
800 1677 855 1738 aut
887 1673 1049 1758 pauciores
1082 1670 1190 1757 plebes
1212 1671 1252 1736 ab
1270 1673 1362 1738 unius

154 1783 303 1869 parochia
326 1784 480 1852 descissae
502 1786 630 1852 alterius
653 1785 816 1870 parochiae
849 1783 1086 1864 adscribantur,
1119 1784 1299 1869 veneritque
1329 1784 1363 1850 in

156 1896 372 1980 quaestionem
405 1914 500 1963 cansa
533 1897 641 1962 eadem
674 1897 756 1981 apud
777 1896 875 1982 ipsos,
909 1896 1024 1976 dicant,
1057 1895 1197 1979 inquam,
1220 1896 1298 1961 mihi
1320 1897 1362 1962 si·

154 2006 371 2072 moniacamne
403 2008 578 2091 pactionem
611 2007 826 2092 actionemque
848 2008 945 2074 talem
964 2006 1106 2090 judicent
1127 2024 1184 2071 nec
1206 2010 1274 2071 ne?
1319 2007 1361 2073 llt

155 2119 235 2203 puto
259 2137 311 2184 cos
334 2117 420 2184 aliud
442 2136 504 2184 non
522 2118 718 2203 judicaturos
742 2137 836 2204 quam
859 2122 895 2185 ut
916 2117 1087 2185 simoniaca
1109 2117 1159 2183 sit.
1172 2117 1196 2203 ¹)
1229 2113 1312 2183 Nam
1335 2119 1362 2183 si

154 2229 248 2295 unius
282 2228 451 2296 sacerdotis
473 2229 506 2294 in
528 2247 623 2296 unam
655 2229 777 2315 plebem
811 2250 869 2316 per
902 2229 1066 2314 pecuniam
1100 2229 1246 2297 introitus
1275 2229 1363 2314 juste

155 2338 300 2405 censetur
321 2335 508 2404 damnabilis
530 2356 568 2404 ac
589 2339 792 2420 simoniacus,
816 2337 971 2423 quomodo
994 2357 1057 2405 non
1073 2343 1105 2405 et
1120 2341 1256 2425 episcopi
1278 2340 1361 2420 talis,

154 2452 190 2514 ut
224 2448 342 2514 dictum
372 2452 430 2530 est,
464 2449 504 2515 ad
537 2449 643 2534 plebes
675 2451 823 2517 introitus
856 2466 918 2516 non
946 2449 1141 2535 judicabitur
1174 2452 1361 2518 simoniacus

151 2578 257 2642 neque
279 2560 362 2626 enim
383 2562 486 2645 potior
519 2562 593 2628 ordo
616 2562 733 2647 levigat
755 2563 880 2647 culpam
904 2563 967 2629 sed·
980 2567 1084 2648 auget.
1128 2564 1195 2629 Aut
1217 2563 1361 2629 sacerdos

151 2669 305 2756 plebanus
328 2671 356 2737 si
377 2671 513 2738 vicinum
547 2691 640 2739 suum
674 2675 927 2740 consacerdotem
959 2675 1129 2760 plebanum
1162 2675 1245 2759 apud
1279 2675 1361 2758 epis·

152 2801 269 2868 copam
291 2783 365 2850 data
386 2785 518 2868 pecunia
540 2787 729 2870 supplantet,
751 2786 876 2871 atejus
898 2786 1021 2870 plebem
1043 2786 1187 2873 propriae
1210 2785 1358 2871 conjugat

154 2901 188 2963 et
208 2895 265 2963 fiat
287 2916 385 2963 unum
407 2897 487 2964 ovile
509 2902 541 2965 ct
559 2917 641 2965 unns
663 2901 780 2984 pastor,
801 2898 952 2983 numquid
976 2916 1038 2963 uon
1059 2902 1190 2980 uterque
1212 2896 1361 2962 simonia·

153 3027 210 3075 cus
229 3008 316 3093 juste
338 3013 482 3076 censetur
504 3010 666 3095 episcopus
688 3010 831 3077 uenditor
853 3014 885 3076 et
906 3014 1029 3094 emptor
1044 3008 1219 3094 plebanus?
1241 3007 1359 3092 Quodsi

153 3124 187 3187 et
207 3119 373 3206 presbyter
405 3121 626 3212 supplantatus
646 3139 665 3186 a
687 3123 898 3205 quaerimonia
921 3122 1011 3188 cedat
1031 3121 1163 3207 pecunia
1186 3120 1358 3187 conductus

152 3230 356 3297 nibilominus
378 3233 410 3296 ot
431 3231 501 3317 ipsa
517 3231 710 3315 judicabitur
731 3231 949 3298 simoniacus?
980 3233 1024 3298 At
1046 3232 1074 3298 si
1096 3233 1175 3298 scire
1196 3231 1293 3297 uelint
1314 3229 1358 3310 hi,

152 3344 192 3410 de
213 3341 328 3428 quibus
348 3361 450 3409 sermo
484 3347 541 3426 est,
574 3327 668 3409 causa
701 3343 827 3408 illorum
864 3344 998 3410 istorum
1030 3359 1142 3408 causae
1175 3342 1357 3422 consimilis,

153 3459 209 3521 ant
222 3457 307 3522 certe
323 3455 457 3521 deterior
471 3457 528 3520 est.
553 3453 732 3539 Anguem
755 3457 809 3535 te,
832 3455 933 3538 inquit
948 3455 1112 3535 Dominus,
1129 3457 1160 3519 et
1175 3456 1355 3519 statuam

154 3571 295 3636 contra
316 3563 333 3630 i
337 3565 464 3632 aciem
486 3565 632 3652 tuam²)
661 3567 689 3633 ei
712 3567 765 3651 qui
787 3587 945 3634 sermones
969 3566 1035 3652 ejus
1058 3570 1230 3633 retrorsum
1253 3564 1358 3651 projc-

152 3685 248 3748 cerat.
278 3679 347 3764 Ipsi
368 3694 512 3762 namque,
537 3697 668 3764 quorum
691 3683 758 3746 erat
779 3680 912 3745 aliorum
929 3683 1030 3745 errata
1046 3677 1210 3762 corrigere,
1231 3679 1357 3760 accepta

153 3789 192 3857 ab
213 3789 481 3876 hospitalensibus
512 3792 641 3875 pecunia
658 3790 952 3875 jerosolymitanum
975 3791 1253 3874 supplantaverunt
1276 3787 1357 3873 epis-

154 3921 267 3988 copum
301 3902 431 3968 eandem
452 3901 642 3989 hospitalem
676 3904 805 3971 domum
826 3903 875 3970 illi
897 3902 1107 3970 subtrahendo
1131 3919 1266 3986 suaeque
1288 3919 1356 3985 pro-

154 4013 309 4080 uidentiae
330 4016 363 4079 et
384 4011 577 4080 obedientiae
599 4014 724 4099 speciali
746 4015 946 4094 attitulando‚
979 4034 1035 4081 suo
1059 4013 1217 4100 episcopio
1240 4013 1357 4079 adscri-

156 4123 266 4192 bendo.
311 4124 352 4190 ut
373 4124 497 4208 quidem
518 4123 594 4211 111³)
618 4126 797 4193 dissimile?
833 4126 948 4210 Utique
981 4145 1043 4192 non
1076 4126 1160 4192 aliud
1181 4125 1241 4189 nisi
1274 4125 1355 4209 quod

158 4271 404 4280 ——w—-a

255 4339 274 4409 O
294 4339 580 4395 Gmffiaaba.152b
607 4337 1254 4393 sileberevirexeomnnnneebnnrte

255 4437 468 4505 &hsta

255 4533 278 4608 ⁸)
295 4541 333 4593 sle
351 4539 443 4592 codex.
