3172 5202
1272 365 1329 432 121

132 534 337 602 commodum
359 529 561 600 subsecutum
583 532 710 614 fnisset,
735 535 818 617 quod
841 532 971 618 quilibet
991 553 1008 600 e
1030 533 1150 602 duobus
1168 537 1200 600 in
1223 555 1337 622 papam

132 643 175 708 ab
198 646 349 730 episcopis
384 645 563 729 recognitus
586 649 618 710 et
640 644 680 709 ab
701 646 889 730 imperatore
926 645 1158 714 notificantibus
1182 649 1337 734 episcopis

132 753 247 822 fnisset
266 759 410 840 receptus
432 774 505 820 mor
527 759 558 821 et
579 756 612 820 in
633 756 822 839 patrimonia
844 755 928 822 beati
950 757 1037 823 Petri
1059 761 1221 842 tamquam
1245 778 1339 843 spon·

134 885 190 932 sus
212 868 371 952 legitimus
394 869 425 932 in
447 884 581 953 sponsae
603 866 685 932 bona
706 867 819 934 fuisset
841 869 1036 935 introductus
1059 870 1108 935 vel
1128 871 1339 948 intromissus,

134 980 172 1042 nt
193 995 256 1044 non
275 998 402 1047 necesse
424 979 552 1045 haberet
573 980 725 1063 stipendia
748 984 880 1064 papatus
904 981 952 1047 sni
975 983 1022 1047 vel
1045 982 1156 1066 gladiis
1172 982 1339 1066 pugnando

134 1091 187 1155 vel
222 1091 436 1174 undecumque
468 1092 639 1157 mutuando
663 1093 695 1157 et
716 1091 900 1175 expiscando
935 1092 1123 1176 conquirere,
1161 1097 1216 1158 aut
1249 1096 1341 1170 certe,
1410 1132 1413 1140 ·

135 1201 221 1285 quod
243 1203 292 1266 est
314 1201 431 1282 durius,
451 1203 525 1268 licet
547 1203 719 1268 secundnm
731 1203 832 1268 Deum
853 1203 962 1282 tutius
986 1205 1018 1268 in
1040 1205 1165 1269 nomine
1187 1207 1218 1269 et
1239 1204 1342 1289 digni-

132 1315 200 1377 tate
221 1311 350 1377 sublimi
371 1315 456 1378 victu
477 1315 647 1380 cottidiano
671 1314 799 1380 destitui
821 1318 852 1380 et
874 1316 913 1382 ad
935 1316 1080 1380 nltimam
1102 1315 1198 1380 immo
1214 1318 1246 1380 et
1261 1313 1341 1380 infra

132 1424 282 1488 ultimam
315 1424 550 1490 mendicitatem
582 1426 691 1510 redigi.
736 1425 878 1492 Melior
913 1431 975 1492 est
1008 1425 1107 1491 enim
1130 1444 1282 1512 pauper
1304 1428 1342 1492 et

133 1536 350 1602 mendicus
373 1535 594 1602 sufficiens
628 1537 708 1602 sibi
731 1555 845 1621 quam
866 1537 928 1602 vir
949 1537 1157 1622 gloriosus
1180 1539 1216 1602 et
1237 1537 1343 1602 indi·

133 1668 235 1734 gens
259 1648 399 1734 pane.¹)
433 1649 536 1714 Immo
559 1667 631 1714 vero
655 1652 745 1734 pater
767 1649 1028 1732 Augustinus
1050 1649 1195 1729 testatur,
1229 1649 1341 1713 melius

134 1765 185 1827 est
208 1758 313 1826 minus
349 1777 441 1844 egere
462 1777 558 1845 quam
580 1761 650 1844 plus
684 1759 809 1826 habere.
854 1761 940 1843 Quae
966 1760 1120 1826 sententia
1154 1760 1180 1824 si
1203 1760 1235 1825 in
1258 1759 1343 1824 omni

134 1890 250 1958 genere
279 1871 443 1938 hominum
471 1881 559 1951 uera,
593 1873 689 1936 immo
725 1871 798 1956 quia
831 1871 1017 1956 generaliter
1037 1888 1111 1936 vera
1134 1874 1192 1951 est,
1227 1873 1341 1954 quanto

134 1983 249 2050 melius
272 1986 305 2048 et
325 1982 442 2068 rectius
463 1983 497 2048 in
518 1983 643 2048 homine
666 1982 782 2050 Christi
804 1982 965 2049 sacerdote
986 1984 1034 2048 est
1057 1982 1159 2048 minus
1182 2001 1272 2067 egere
1296 1983 1344 2048 rel

134 2093 260 2175 habore,
283 2111 379 2179 qnam
399 2093 555 2180 stipendia
585 2093 750 2160 sacerdotii
782 2093 831 2160 sui
853 2097 885 2159 et
906 2093 1010 2160 debita
1032 2094 1144 2179 gladiis
1167 2111 1228 2158 non
1262 2093 1341 2178 legi·

136 2207 235 2273 timae
259 2207 324 2273 sed
346 2209 514 2290 usurpatae
546 2208 641 2289 atque
663 2207 824 2270 extraneae
861 2204 1025 2289 potestatis
1048 2205 1215 2290 pugnando
1239 2203 1345 2270 vendi·

136 2321 234 2386 caret
256 2318 326 2385 Hoc
350 2317 433 2384 enim
456 2319 505 2384 vel
528 2318 662 2383 maxime
684 2318 717 2381 in
733 2317 908 2382 Alexandro
931 2316 1047 2395 arrhis,
1071 2333 1151 2400 quae
1173 2315 1345 2381 adfaciem

137 2433 222 2511 sunt,
255 2429 487 2515 reprehensioni
509 2430 642 2509 ducitur,
677 2427 760 2512 quod
793 2426 852 2493 sub
886 2426 997 2493 vexillo
1032 2423 1128 2492 Siculi
1151 2423 1346 2491 Willehelmi

136 2542 266 2630 praedia
303 2540 333 2608 b.
356 2540 443 2608 Petri
476 2555 652 2625 expugnare
687 2536 808 2622 sibique
843 2537 1007 2603 vendicare
1029 2533 1217 2618 perhibetur.
1263 2536 1346 2601 Nam

137 2652 271 2720 verbum
294 2651 421 2719 nefandi
442 2652 526 2722 illins
548 2650 650 2736 pacti,
675 2650 757 2734 quod
780 2666 852 2714 cum
874 2649 982 2714 eodem
1005 2643 1202 2712 Willehelmo
1225 2648 1257 2711 et
1278 2646 1347 2713 Me-

138 2763 374 2832 diolanensibus
397 2763 430 2827 in
455 2763 576 2829 occulto
610 2763 807 2828 contractum
840 2759 963 2839 dicitur,
999 2777 1063 2824 non
1095 2754 1186 2824 facile
1217 2759 1255 2824 de
1282 2762 1348 2845 tam

137 2875 334 2962 sapientibus
371 2875 446 2942 viris
481 2874 667 2940 credendum
700 2875 757 2952 est,
801 2872 933 2938 maxime
967 2873 994 2939 si
1016 2875 1047 2939 id
1071 2877 1153 2960 quod
1185 2872 1348 2939 ecclesiam

138 2988 260 3058 christi
293 3005 387 3072 super
409 2986 518 3053 eodem
540 2983 634 3052 uerbo
658 2985 854 3065 scandalizat,
890 2986 1034 3070 quodque
1067 2987 1246 3073 principum
1267 2986 1347 3051 iram

138 3101 294 3186 provocat
327 3117 384 3184 pro
408 3097 557 3164 ecclesiae
589 3115 664 3181 pace
696 3096 894 3163 reformanda
926 3099 1057 3164 solemni
1090 3098 1254 3184 negatione
1275 3116 1294 3162 a
1315 3118 1349 3164 se

138 3211 317 3297 propellere
346 3227 409 3274 non
431 3208 646 3293 dedignentur.

638 3513 750 3582 cap.
768 3512 866 3569 Lx.

458 3637 504 3705 lie
526 3634 664 3705 concilio
686 3635 806 3704 Parias
827 3634 1038 3721 celebrator)

247 3826 329 3892 Sane
352 3826 435 3908 quod
457 3823 487 3889 b.
503 3823 590 3890 Petri
604 3823 729 3908 praedia
744 3822 804 3890 sibi
819 3825 961 3890 vendicat
974 3824 1034 3890 hoc
1048 3824 1133 3905 facit,
1157 3830 1192 3892 ut
1207 3825 1348 3907 aestimo,

143 3939 185 4004 de
201 3936 330 4024 justitia
352 3938 384 4001 et
405 3936 581 4002 innocentia
603 3953 661 4001 sua
683 3935 858 4016 confidens,
882 3953 944 4021 qna
966 3941 998 4002 et
1019 3937 1205 4005 confidentia
1227 3941 1352 4004 senten-

144 4051 226 4116 tiam
248 4046 371 4114 concilii
392 4045 509 4132 Papiae
543 4045 689 4112 celebrati
710 4047 743 4112 in
766 4047 891 4112 irritum
919 4048 1029 4114 ducere
1059 4048 1190 4130 ridetur,
1222 4049 1256 4114 in
1289 4068 1349 4132 quo

253 4266 261 4299 ¹
291 4263 368 4318 Pror.
388 4263 431 4316 12.
452 4263 477 4316 9.

249 4263 272 4434 ’ζ
289 4364 367 4418 Nonis
386 4362 522 4417 Februarii
541 4361 651 4418 MGLX.
677 4361 770 4419 Ghron.
795 4361 994 4427 Reichersberg.
1014 4361 1136 4416 adhunc
1155 4375 1268 4426 annum3
1288 4357 1351 4413 ride

296 4466 372 4518 etiam
399 4465 473 4530 epist.
493 4460 642 4518 Alexandri
660 4477 744 4532 papae
763 4463 867 4518 Gretser
885 4459 934 4518 vl.
954 4459 1016 4516 578.
1036 4473 1091 4515 nro.
1111 4458 1156 4516 la.
