3172 5202
258 466 317 532 132
649 449 655 488 ’

255 655 292 700 ac
313 635 433 701 coelum
447 611 596 698 rationale
611 635 668 711 est,
684 648 702 695 a
717 629 865 696 Romanis
880 626 1083 695 Pontificibus
1098 631 1273 697 innocentia
1291 634 1444 701 debetur?

255 745 306 811 Ad
328 743 410 828 quod
431 743 545 822 audiat,
579 741 633 825 qui
661 760 753 824 super
786 739 834 804 his
868 737 990 804 dubitat
1022 739 1070 804 val
1105 744 1312 824 quaerendum
1345 750 1444 828 putat,

255 856 404 940 quoniam
418 852 603 938 Symmacho
618 850 719 937 major
733 853 781 917 est
803 849 857 935 qui
878 850 939 915 ait:
962 849 1045 915 sino
1067 851 1294 918 offensione
1316 859 1447 922 estote

256 965 423 1034 ludaeis
446 968 482 1028 ot
504 961 664 1029 Graecis
698 966 737 1028 et
769 961 965 1029 acclesiae
987 961 1094 1047 Dei1)
1138 963 1229 1032 item.
1273 963 1448 1053 Oportet

257 1079 487 1164 episcopum
520 1073 662 1140 bonum
691 1071 836 1138 habere
859 1061 1134 1141 testimonium
1165 1081 1269 1161 apud
1290 1101 1355 1156 cos
1381 1083 1447 1167 qui

257 1192 356 1258 foris
379 1183 509 1271 sunt.)
542 1189 585 1254 Et
605 1185 757 1252 Dominus
784 1184 878 1250 ,Iesus
910 1182 1011 1248 adhuc
1042 1187 1142 1272 major
1164 1189 1316 1258 ambobus
1331 1197 1355 1278 ³)
1388 1194 1447 1274 his,

256 1306 347 1393 plus
380 1301 463 1369 enim
495 1315 609 1383 quam
642 1296 826 1364 Salomon
857 1295 966 1380 hic‚⁴)
999 1295 1094 1362 immo
1117 1301 1149 1364 et
1170 1300 1271 1384 major
1292 1305 1447 1387 omnibus,

259 1415 322 1499 qui
343 1392 831 1507 scandalizaveritinquit,
853 1427 970 1473 unum
985 1410 1038 1494 de
1059 1412 1224 1494 pusillis
1246 1414 1360 1497 istis,
1385 1418 1449 1501 qui

258 1528 296 1592 in
318 1525 373 1591 me
395 1522 561 1589 crodunt
581 1518 741 1604 expedit
762 1517 795 1583 ai
817 1520 854 1584 et
874 1521 1039 1606 ceterafi)
1063 1542 1141 1605 quae
1157 1524 1256 1590 dicere
1270 1528 1449 1612 perhorreo.

259 1616 553 1718 Abdmnmw
598 1631 1451 1706 mommsmmommmswmmmmte

260 1768 347 1816 crue
368 1747 448 1813 eum
469 1747 504 1810 et
525 1743 673 1829 projice
695 1741 762 1808 abs
786 1745 860 1828 tel)
894 1747 975 1810 Item
997 1765 1157 1812 necesse
1179 1752 1251 1828 ast,
1274 1749 1384 1833 inquit,
1408 1757 1452 1816 ut

259 1861 419 1926 veniant
440 1855 638 1936 scandala,
672 1875 743 1922 uae
765 1859 899 1922 autem
922 1857 1075 1923 homiui
1107 1878 1177 1943 por
1200 1878 1312 1942 quom
1334 1878 1453 1925 scan-

260 1973 393 2038 dalum
414 1967 573 2054 vanit‚⁷)
605 1987 662 2034 nec
694 1985 844 2052 magnum
877 1967 1027 2051 excipiens
1049 1987 1104 2034 nec
1126 1969 1286 2036 minorem.
1331 1970 1452 2053 Quibus

260 2081 524 2148 manifestissimis
544 2081 635 2146 dictis
658 2079 826 2146 salvatoris
848 2082 880 2143 ot
901 2079 1079 2162 apostolicis
1095 2077 1317 2163 Symmachum
1338 2098 1452 2165 papam

260 2210 455 2278 nequaquam
476 2191 656 2258 crediderim
679 2191 811 2256 sensisse
822 2191 986 2269 contraria,
1004 2192 1064 2256 'sad
1084 2191 1116 2254 id
1138 2191 1250 2271 solum,
1273 2193 1355 2275 quod
1372 2193 1453 2256 nulli

260 2304 422 2370 hominum
443 2302 491 2368 las
513 2307 569 2382 est,
602 2301 636 2365 in
668 2301 844 2366 Romanum
865 2300 1049 2368 Pontificem
1076 2300 1155 2368 ferre
1188 2303 1454 2369 condemnationis

257 2415 409 2502 judicium
441 2415 489 2479 vel
510 2414 549 2479 ad
571 2413 822 2496 expurgationem
844 2412 894 2478 sui
916 2431 1033 2498 cogere,
1067 2414 1148 2479 sicut
1169 2415 1336 2480 Marcellus
1358 2433 1376 2478 a
1398 2433 1456 2480 ne-

262 2526 345 2592 mine
362 2523 480 2610 judicio
503 2523 766 2591 condemnationis
794 2523 954 2608 judicatus
977 2528 1026 2590 est
1047 2523 1218 2592 dicentibus
1242 2527 1270 2591 ei
1290 2525 1455 2592 fidelibus:

263 2637 311 2704 Tu
332 2636 442 2721 colliga
473 2653 599 2700 causam
632 2636 719 2700 tuam
740 2635 773 2700 in
795 2635 866 2700 sinu
889 2635 957 2714 tuo,
992 2636 1058 2719 ipse
1089 2637 1122 2700 in
1144 2656 1177 2700 se
1193 2636 1349 2720 judicium
1380 2637 1458 2702 tulit

264 2746 480 2814 damnationis.
525 2737 674 2812 Similiter
706 2748 738 2812 et
773 2745 834 2810 Leo
854 2763 872 2810 a
894 2743 1015 2810 nemine
1048 2746 1086 2810 ad
1122 2747 1373 2832 expurgationem
1405 2747 1458 2812 sui

264 2862 389 2926 coactus
422 2860 471 2924 ost
492 2858 546 2922 sed
567 2875 726 2932 summum
759 2858 881 2922 coelum
900 2874 937 2921 ac
960 2855 1038 2920 coeli
1059 2854 1215 2922 habitator
1237 2859 1331 2935 Deus,
1354 2856 1460 2922 subti-

263 2970 401 3036 lissimus
423 2968 566 3034 videlicet
588 2968 746 3034 discussor
767 2970 799 3032 et
812 2968 984 3051 indagator,
1008 2966 1066 3034 hoc
1089 2949 1121 3032 in
1144 2966 1211 3051 ejus
1226 2970 1317 3033 corde
1331 2970 1460 3034 locutus

265 3089 323 3146 cst.
365 3079 455 3161 Quod
477 3078 504 3143 si
524 3079 629 3144 valans
662 3078 851 3144 deecclesia
883 3077 941 3142 Dei
974 3078 1082 3143 tollere
1114 3078 1294 3146 scandalum
1328 3079 1365 3143 de
1386 3077 1460 3162 ipso

265 3187 407 3254 habitum
438 3206 500 3253 non
522 3188 711 3267 abstulissat,
749 3187 855 3270 utique
888 3191 1101 3271 quantumque
1121 3189 1158 3254 da
1181 3207 1276 3254 causa
1297 3189 1374 3256 beno
1396 3189 1485 3276 sibi·

267 3299 407 3366 conscius
428 3300 510 3382 apud
532 3305 635 3386 ipsum
656 3317 769 3364 nocens
792 3297 952 3362 extitisset.
987 3299 1095 3381 ltaque
1117 3300 1314 3365 subtilissimi
1337 3301 1463 3366 discus-

267 3409 345 3475 soris
367 3409 563 3493 acquiescens
585 3409 722 3493 indagini
743 3411 775 3473 et
795 3407 864 3472 vivo
887 3406 945 3470 Dei
967 3409 1112 3491 sermoni,
1135 3409 1188 3492 qui
1211 3413 1258 3475 est
1280 3415 1463 3493 penetra·
1577 3465 1578 3500 r

267 3520 387 3586 bilior
420 3518 528 3585 omni
562 3521 695 3605 gladio
730 3517 950 3604 ancipiti‚⁸)
984 3521 1165 3605 compulsus
1198 3523 1278 3604 quod
1300 3522 1464 3608 potuitet
1577 3563 1578 3594 l

371 3735 390 3804 1)
408 3735 428 3788 1.
449 3733 505 3789 Cor.
526 3734 568 3788 10.
587 3735 631 3788 32.

283 3817 285 3823 '
370 3814 610 3901 armana

324 3941 332 3962 ¹
370 3930 391 4000 ³)
409 3933 477 3984 Satis
507 3939 581 3984 acuta
609 3934 660 3983 tuis
692 3931 777 3983 verbis
803 3930 920 3983 declaras
952 3929 1079 3984 homiuum
1112 3929 1182 3985 dicta
1215 3932 1262 3984 Dei
1290 3931 1378 3986 vorbis
1409 3947 1462 3988 non

412 4031 554 4098 aequanda.
575 4032 663 4083 Glossa
682 4046 760 4094 marg.
779 4029 812 4081 ab
830 4047 860 4082 ao
880 4029 961 4086 1525.

370 4133 391 4198 ι)
412 4131 496 4184 Math.
518 4131 560 4184 12.
579 4129 623 4182 42.

373 4225 392 4298 ὃ)
411 4228 493 4279 math.
514 4227 557 4281 18.
576 4229 602 4282 6.

372 4331 392 4391 θ)
412 4328 494 4379 math.
514 4328 540 4382 5.
560 4328 603 4384 28.

374 4427 393 4493 l)
412 4427 494 4478 Maon.
513 4425 556 4480 18.
576 4425 601 4480 7.

372 4522 393 4598 Ι)
411 4523 492 4580 Heba
510 4523 537 4580 4.
556 4523 599 4582 12.
