3168 5190
1282 337 1346 406 229

140 503 236 574 ravit.
280 501 340 572 Sed
361 503 452 571 aliter
480 500 600 570 factum
622 504 679 572 est.
723 501 808 568 Nam
830 503 1032 590 sibimetipsis
1060 506 1188 591 'quidem
1221 510 1345 576 veniam

136 617 342 702 peccatorum
364 613 523 684 Christum
543 616 651 700 ligare,
679 614 843 682 vamtatem
864 616 995 682 velando
1015 616 1214 701 abscondere,
1243 619 1343 694 vitam

136 731 319 816 extinguere
341 727 401 794 sibi
422 744 458 794 ac
479 727 548 794 neci
569 727 642 792 lare
663 729 843 812 potuerunt.
868 724 928 794 Sed
949 725 1040 794 uobis
1062 747 1117 812 per
1138 729 1215 796 haec
1238 731 1343 798 omnia

134 841 230 908 uenia
249 840 449 925 peccatorum
472 837 624 920 Christus,
646 837 801 924 propheta
823 856 946 923 quoque
968 841 999 904 et
1021 841 1165 906 sacerdos
1187 841 1220 906 in
1241 845 1342 908 aeter·

134 971 216 1019 num
237 954 270 1019 et
290 969 344 1018 rer
365 950 505 1018 omnium
537 948 733 1015 saeculorum
754 949 940 1015 immortalis
977 954 1176 1018 consecratus
1200 956 1257 1019 est.
1301 953 1343 1020 Et

133 1061 266 1129 illudere
288 1061 413 1145 quidem
434 1060 481 1125 illi
502 1060 627 1125 veritati
655 1060 840 1144 flagellando
864 1062 895 1125 et
915 1059 1051 1144 insignia
1081 1064 1287 1130 sacerdotalia
1309 1068 1341 1132 ot

133 1173 253 1260 regalia
286 1171 455 1238 exhibendo
478 1173 656 1254 potuerunt,
680 1170 881 1250 saeveritas,
916 1170 987 1254 quia
1020 1172 1134 1238 veritas
1156 1173 1217 1240 fuit
1239 1178 1271 1242 et
1292 1180 1341 1243 est

133 1288 168 1352 et
189 1284 224 1350 in
244 1286 407 1350 aetornum
428 1281 497 1363 erit,
531 1280 689 1366 suscipere
711 1281 787 1348 haec
808 1283 842 1348 in
864 1301 897 1348 se
919 1283 1019 1348 otiose
1040 1301 1103 1350 nor
1125 1284 1241 1368 debuit,
1266 1287 1340 1372 quin

132 1396 240 1481 potius
273 1393 378 1460 omnia
398 1393 431 1458 in
453 1392 570 1460 serium
603 1393 757 1458 convertit
790 1397 822 1459 ot
843 1393 876 1458 in
898 1393 1029 1459 veritate
1051 1396 1182 1479 accepit.
1225 1397 1339 1482 Itaque

132 1505 346 1590 corporisne,
370 1504 452 1588 quod
474 1505 524 1570 est
545 1501 685 1582 eeclesia,
708 1502 833 1569 vincula
855 1503 910 1570 illa
932 1508 1112 1572 sanotmum
1133 1523 1283 1573 manuum
1306 1513 1338 1576 et

130 1615 259 1701 flagella
291 1631 418 1688 sacrum
439 1616 599 1680 exarantes
631 1630 745 1700 corpus
767 1614 801 1679 in
821 1612 1050 1682 absolutionem
1083 1620 1282 1700 peccatorum
1305 1623 1339 1684 et

130 1725 380 1794 satisfactionem
412 1723 578 1791 eriminum
607 1724 809 1810 profecerunt
841 1722 1057 1794 obscuratione
1087 1745 1247 1794 sacrorum
1268 1727 1335 1813 ejus

129 1837 287 1905 luminum
309 1839 342 1902 et
362 1838 530 1923 sputorum
550 1835 708 1918 foeditate,
742 1834 854 1921 quibus
885 1833 980 1904 iacies
1012 1839 1067 1906 illa
1088 1839 1227 1924 gratiosa
1254 1840 1335 1907 illita

129 1953 191 2030 est,
213 1950 341 2014 nostrae
361 1945 555 2032 ignorantiae
589 1946 721 2014 coecitas
745 1950 889 2014 excusata
911 1947 1005 2015 simul
1027 1952 1060 2015 et
1079 1948 1256 2016 illuminata
1275 1953 1332 2017 ost.

130 2059 282 2128 Sacerdos
316 2076 438 2144 qnoque
470 2059 502 2124 ot
533 2075 587 2124 rer
618 2075 675 2143 per
705 2057 841 2144 insignia
871 2058 1012 2126 illusorie
1045 2061 1244 2128 consecratus
1275 2078 1331 2145 pro

129 2173 239 2237 nostra
270 2169 454 2237 infirmitate
486 2168 581 2236 simul
619 2172 651 2235 et
677 2172 778 2236 morte
810 2168 976 2236 auferenda
1007 2170 1077 2257 ipse
1108 2173 1202 2255 prout
1233 2170 1333 2238 voluit

128 2285 274 2350 mortuus
296 2283 355 2350 est
377 2276 516 2362 Etenim,
538 2283 575 2348 ut
596 2279 752 2365 scripturo
774 2277 941 2348 testificata
963 2283 1020 2362 ost,
1043 2281 1081 2347 de
1102 2280 1180 2366 ipso·
1194 2281 1330 2366 repletus

128 2397 178 2460 est
197 2391 369 2479 ignominia
388 2410 445 2476 pro
466 2392 577 2478 gloria.
621 2389 705 2460 Nam
725 2411 783 2479 pro
806 2411 864 2459 suc
885 2392 982 2460 simui
1003 2395 1035 2458 et
1057 2411 1185 2461 suorum
1222 2392 1329 2460 lutura

126 2505 227 2592 gloric
246 2504 315 2591 lpse
335 2501 416 2571 terti
436 2517 473 2570 ae
493 2504 584 2570 teuta
605 2501 776 2589 ignominia
797 2503 935 2590 repletus
957 2505 1015 2571 est

611 2864 723 2934 oap.
742 2862 840 2922 XX.

516 2986 595 3057 'l'ria
615 2986 721 3057 tribus
740 2985 938 3076 comparata.

223 3175 326 3244 Simul
340 3177 372 3243 ct
385 3175 418 3242 in
432 3192 495 3247 unc
510 3174 631 3246 Christi
651 3193 783 3261 persona
804 3179 869 3268 tres
883 3174 1037 3244 essentiae
1058 3193 1129 3242 cum
1150 3174 1323 3259 gratiarum

122 3289 243 3356 actione
264 3287 478 3374 agnoscendae
498 3304 518 3353 a
539 3287 631 3356 nobis
653 3290 736 3370 suut,
759 3287 873 3373 quibus
889 3287 1040 3355 triformis
1060 3287 1116 3354 illa
1136 3287 1242 3374 passio
1267 3305 1323 3352 seu

123 3399 310 3466 contumelia
331 3398 470 3485 irrogata
492 3402 549 3481 est,
585 3402 736 3484 quatenus
770 3417 893 3466 summa
913 3399 968 3466 illa
990 3397 1087 3464 trium
1118 3414 1321 3483 personarum

122 3511 246 3578 trinitas
267 3509 360 3578 unius
381 3527 532 3596 personae
553 3510 649 3577 trium
671 3511 877 3579 essentiarum
892 3509 1032 3576 trinitate
1053 3527 1109 3594 pro
1124 3507 1215 3574 uobis
1231 3506 1321 3574 satis·

121 3621 253 3692 iaciente
284 3621 403 3708 placeri
434 3621 613 3690 hominibus
643 3622 862 3708 congruentius
884 3619 1047 3706 potuisset.
1092 3618 1215 3687 Scimus
1238 3616 1321 3684 enim

120 3735 291 3802 Dominum
311 3733 424 3802 Jesum
444 3751 508 3800 non
529 3735 632 3800 solum
655 3731 795 3800 Verbum
824 3733 883 3800 Dei
904 3733 1007 3799 Deum
1030 3731 1084 3797 sed
1106 3734 1139 3798 et
1159 3728 1319 3796 hominem

121 3864 156 3912 er
176 3845 282 3910 anima
314 3845 459 3912 rationali
491 3847 522 3910 et
553 3845 690 3912 humana
720 3863 812 3912 carne
844 3844 1076 3924 subsistentem,
1109 3842 1156 3909 ita
1188 3844 1225 3908 ut
1256 3860 1319 3908 non

120 3958 222 4024 solum
244 3953 403 4021 extribus
436 3956 491 4022 sed
513 3955 598 4022 etin
619 3954 720 4022 tribus
743 3955 886 4022 essentiis
908 3953 1021 4036 Verbo,
1045 3954 1149 4020 anima
1171 3957 1204 4020 ot
1225 3970 1318 4021 carne

118 4067 278 4154 propriam
309 4065 473 4154 physicam
505 4065 700 4133 servantibus
732 4084 795 4133 una
826 4084 959 4153 persona
992 4065 1135 4134 Christus
1169 4064 1264 4132 simul
1284 4064 1318 4131 in

118 4177 219 4246 tribus
241 4181 274 4246 et
294 4178 328 4244 in
348 4177 479 4263 singulis
501 4179 599 4244 trium
619 4177 672 4246 sit.
716 4176 847 4244 Vincula
875 4195 950 4245 sane
970 4178 1025 4246 illc
1046 4182 1078 4246 et
1099 4177 1222 4264 flogella
1244 4194 1317 4260 pro·

117 4290 202 4376 priae
223 4289 324 4357 carnis
346 4289 545 4376 singulariter
565 4287 698 4356 mundae
719 4291 751 4354 et
773 4289 945 4356 innocentis
966 4289 1102 4369 fuerunt,
1124 4305 1198 4354 nam
1211 4286 1316 4352 anima

117 4399 170 4466 illa
202 4402 311 4469 sancta
344 4399 438 4470 simul
471 4403 503 4469 et
524 4400 680 4482 munuae,
703 4401 844 4485 quamuis
877 4402 978 4468 carnis
1011 4418 1087 4468 suae
1117 4396 1313 4485 passionibus
