3168 5190
1273 395 1335 460 247

130 557 335 632 transeamus,
370 554 458 640 cujus
492 557 670 622 testimonio
705 557 840 624 triformi
860 561 1070 644 inpraesenti
1098 563 1228 628 ecclesia
1260 563 1335 631 fulti

130 665 226 732 etiam
247 666 346 732 totius
369 667 530 736 Trinitatis
565 667 670 734 Patris
694 673 726 734 et
747 669 819 734 Filii
845 673 877 734 et
900 668 1034 753 Spiritus
1068 673 1168 738 sancti
1188 674 1221 738 in
1244 679 1330 742 coelo

130 778 346 845 testimoninm
365 781 524 847 consecuti
540 779 686 846 'coetibus
709 781 875 866 tripartitis
890 782 1073 866 angelorum
1088 783 1237 850 associari
1252 789 1336 853 rale-

129 907 230 956 amus.
276 889 421 956 Christus
455 893 560 977 itaque
594 910 684 958 omne
718 892 836 958 bonum
857 896 1002 959 nostrum
1024 896 1073 960 est
1109 895 1185 960 dum
1208 898 1331 982 spiritu,

130 1002 281 1086 sanguine
304 1005 336 1068 et
357 1021 438 1087 aqua
460 1021 517 1069 nos
540 1004 643 1069 initiat
665 1006 697 1068 et
720 1004 866 1086 nutricat,
901 1005 976 1069 dum
1000 1003 1057 1084 via,
1082 1007 1196 1072 veritas
1219 1009 1336 1075 etrite

129 1131 185 1178 nos
207 1114 333 1180 adultos
355 1113 491 1194 roborat,
526 1114 602 1180 dum
624 1114 713 1180 Patri
735 1114 855 1199 sibique
877 1117 937 1200 ipsi
959 1117 1093 1200 h0m01)
1128 1119 1189 1185 Dei
1211 1123 1245 1185 et
1267 1118 1337 1204 Spi-

131 1224 206 1290 ritui
228 1227 336 1290 sancto
359 1225 523 1290 amborum
544 1244 602 1292 nos
624 1228 886 1292 consummandos
908 1229 1005 1294 tradit
1027 1234 1058 1295 et
1080 1231 1278 1296 commendat
1301 1234 1337 1296 nt

134 1337 248 1402 tradito
272 1355 367 1422 regno
389 1337 456 1402 Deo
479 1339 512 1402 et
534 1337 622 1402 Patri
644 1337 686 1403 sit
707 1338 791 1404 Deus
813 1339 917 1404 omnia
939 1341 970 1404 in
994 1341 1148 1406 omnibus.

234 1447 317 1512 Item
340 1447 483 1514 Christus
506 1448 556 1514 uia
577 1448 610 1512 in
632 1449 787 1532 praesenti
810 1450 874 1515 rita
896 1469 954 1516 sna
968 1471 1025 1517 nos
1045 1453 1336 1518 misericordissima

133 1538 291 1642 patientia
305 1562 477 1644 supportat,
513 1559 656 1626 Christus
689 1560 803 1626 veritas
826 1580 883 1626 nos
906 1563 939 1626 in
961 1564 1011 1627 via
1034 1564 1201 1644 illuminat,
1236 1563 1352 1648 pascit*

134 1670 164 1734 et
184 1668 219 1736 in
237 1667 300 1736 fine
327 1668 511 1754 judicat-
534 1671 629 1736 Pater
662 1672 744 1736 enim
781 1691 871 1738 omne
901 1673 1054 1757 judicium
1076 1675 1162 1740 dedit
1183 1675 1273 1755 Filio,
1298 1711 1339 1724 -

135 1779 277 1848 Christus
300 1783 365 1848 rita
388 1800 448 1848 una
470 1801 542 1848 cnm
564 1783 657 1850 Patre
677 1787 709 1848 et
731 1787 839 1850 sanctu
862 1784 983 1868 Spiritu
1004 1805 1061 1851 nos
1085 1789 1283 1852 consummat
1305 1790 1339 1853 et
1399 1813 1402 1821 ’

134 1909 189 1956 sua
211 1891 331 1958 visione
353 1898 385 1959 et
405 1893 632 1960 inhabitatione
653 1899 840 1962 remunerat.
864 1897 950 1962 Haec
972 1898 1010 1962 de
1032 1898 1189 1982 tripartita
1212 1898 1339 1964 coelesti

133 2004 227 2070 simul
251 2005 282 2068 et
304 2005 512 2072 ecclesiastica
545 2005 718 2072 hierarchia
751 2007 834 2074 dicta
867 2008 939 2088 sint,
974 2009 1024 2074 cui
1056 2009 1089 2072 in
1126 2010 1210 2076 coelo
1233 2009 1337 2088 Pater,

134 2115 272 2183 Verbum
295 2119 326 2181 et
349 2115 484 2202 Spiritus
518 2116 733 2184 testimoninm
763 2119 847 2200 dent,
881 2119 914 2184 in
936 2122 1019 2185 terra
1043 2137 1165 2204 quoqne
1188 2118 1334 2206 Spiritus,

16 2263 17 2266 π
134 2246 212 2316 aqua
236 2235 268 2293 et
290 2227 417 2312 sanguis
452 2225 571 2294 Christi
603 2228 729 2314 insuper
751 2233 783 2294 et
805 2229 948 2298 Christus
982 2230 1050 2311 via,
1084 2232 1198 2296 veritas
1220 2230 1338 2295 etrite

16 2403 17 2420 ,
133 2338 298 2424 perhibent
333 2339 557 2421 testimoninm,
594 2357 672 2424 quae
699 2340 766 2424 jam
801 2341 916 2424 partim
938 2341 1066 2406 visionis
1101 2341 1221 2406 divinae
1242 2339 1339 2406 beati·

16 2441 17 2530 ξ
134 2452 240 2518 tudine
261 2449 441 2536 perfruitur,
474 2452 589 2536 partim
617 2471 672 2536 per
702 2452 796 2518 fidem
818 2451 982 2534 ambulans
1016 2453 1056 2518 ad
1078 2451 1188 2520 beatae
1208 2451 1336 2524 visionis

16 2643 18 2676 r
134 2563 271 2662 speciem
294 2562 461 2630 contendit.

600 2949 710 3018 Gap.
728 2949 884 3005 XXIX.

16 3093 17 3148 1
135 3073 275 3142 Primum
303 3071 532 3140 antichristum
562 3071 711 3140 extitisse
740 3072 903 3140 diabolum
932 3072 968 3140 in
990 3091 1027 3141 co
1051 3074 1134 3161 quod
1164 3071 1248 3141 llilio
1277 3072 1338 3142 Dei

493 3183 683 3271 specialiter
704 3183 896 3253 adversatus
919 3183 977 3252 est.

235 3373 334 3440 Porro
355 3369 396 3436 ab
417 3369 476 3438 hoc
497 3370 670 3437 hierarchia
691 3389 806 3457 magna
827 3372 930 3457 portio
954 3371 1136 3437 coelestium
1159 3371 1335 3456 spirituum,

137 3503 249 3570 magna
282 3503 405 3568 qnoque
436 3483 548 3567 portio
561 3483 723 3548 hominum
745 3483 868 3566 penitus
890 3485 1034 3547 extranea
1056 3485 1114 3547 est.
1158 3481 1282 3548 Etenim
1304 3481 1337 3546 in

137 3598 218 3662 coelo
241 3614 322 3661 unus
346 3612 533 3680 magnorum
554 3594 731 3678 spirituum,
755 3593 879 3660 Lucifer
900 3593 1012 3672 dietus,
1037 3593 1178 3657 creatrici
1194 3591 1335 3672 bonitati,

137 3725 214 3790 quae
236 3705 370 3790 Spiritus
394 3708 520 3772 sanctus
544 3710 600 3786 est,
623 3706 764 3790 ingratus
780 3706 923 3783 existens,
947 3703 1104 3786 majestati
1124 3721 1246 3788 quoque
1261 3705 1337 3769 irre-

136 3835 242 3884 verens
255 3820 286 3882 et
298 3818 560 3884 contumeliosos:
578 3835 731 3901 ponam,
746 3817 858 3899 inquit,
875 3815 1006 3880 sedem
1027 3832 1146 3879 meam
1161 3816 1207 3880 ad
1222 3834 1270 3900 aq
1284 3816 1336 3881 ni·

136 3926 306 4012 loneml)
329 3929 384 3994 sed
406 3932 438 3995 et
458 3928 540 4008 Filii,
565 3929 618 4012 qni
639 3927 810 3993 similitudo
833 3930 865 3991 et
885 3925 988 4010 imago
1013 3925 1115 3990 Patris
1146 3931 1210 4005 est,
1233 3927 1336 3992 locum

135 4043 296 4125 appetens:
319 4040 492 4121 similis,
515 4039 569 4119 ait,
593 4057 653 4103 ero
675 4036 925 4119 altissimo.³)
969 4039 1141 4122 Propterea
1161 4038 1268 4120 itaque
1295 4039 1333 4102 de

136 4152 219 4216 coelo
241 4150 399 4235 projectus
421 4155 470 4217 est
492 4152 574 4218 sicut
602 4150 716 4216 ueritas
740 4151 777 4216 de
798 4151 867 4235 ipso
890 4153 1044 4233 testatur,
1068 4148 1213 4233 qnoniam
1235 4148 1333 4229 vidi,

136 4261 244 4346 inquit,
279 4265 458 4328 satanam
488 4261 590 4328 sicut
614 4261 750 4346 lnlgur
772 4261 815 4327 de
838 4261 947 4328 coelo
971 4261 1226 4338 cadentem.⁴)
1269 4257 1336 4326 Nec

237 4475 256 4550 ¹)
274 4477 379 4532 homini.
401 4505 434 4516 -
456 4474 476 4550 ¹)
494 4477 528 4534 1s.
550 4476 656 4534 1413.
681 4505 712 4518 -·
733 4473 755 4546 ³)
773 4474 807 4532 Is.
831 4475 874 4531 14.
897 4472 939 4528 14.
962 4502 994 4513 -
1018 4471 1041 4544 ⁴)
1062 4474 1124 4530 Luc.
1146 4473 1189 4529 10.
1212 4472 1255 4529 18.
