3168 5214
1296 397 1361 470 ³43

153 566 303 634 dicentis:
336 543 458 649 vidi,
480 568 590 652 inquit,
624 567 664 632 in
686 569 813 633 medie
837 567 973 635 throni
997 572 1037 636 et
1058 570 1301 637 animalium
1323 575 1361 636 et

151 685 188 750 in
210 679 336 744 medie
360 679 564 745 seniorum
585 697 725 764 agnum
748 682 926 745 stantem
954 679 1157 766 tamquam
1181 679 1359 747 eaeisum

150 787 368 856 habentem
401 809 549 857 cornua
582 793 730 875 septem
752 796 791 858 et
814 795 957 860 oeulos
992 795 1151 877 septem,
1175 792 1359 876 quisunt

151 899 329 984 spiritus
352 902 423 968 Dei
445 903 558 969 missi
579 903 617 968 in
642 923 792 971 emnem
815 901 1007 990 terram.1)
1030 903 1111 987 Quid
1133 903 1250 969 dehac
1272 922 1359 970 reve-

149 1009 266 1076 latione
288 1011 482 1079 dirinissima
504 1013 562 1079 tibi
585 1014 707 1081 ridetur
729 1035 747 1079 e
770 1015 912 1082 Graece?
934 1020 1035 1102 Quem
1059 1018 1143 1084 enim
1159 1013 1255 1081 alium
1271 1014 1356 1081 dieas

149 1137 218 1184 esse
239 1120 322 1187 hunc
343 1141 469 1208 agnum,
493 1142 587 1208 quam
610 1127 766 1194 huminem
785 1127 954 1211 Christum,
977 1150 1038 1196 nen
1060 1128 1208 1196 invenies.
1253 1127 1356 1193 Num·

149 1233 223 1315 quid
246 1254 320 1318 erge
343 1236 381 1301 de
403 1234 462 1301 hee
483 1255 564 1321 agne
587 1255 703 1304 cernua
724 1239 822 1322 ipsius
846 1244 966 1324 septem
987 1243 1081 1324 atque
1104 1242 1266 1306 oculorum
1288 1237 1356 1322 ejus

149 1349 270 1426 septem
303 1349 382 1413 radii
404 1367 466 1415 nen
487 1349 682 1434 precedunt?
726 1349 805 1432 Quia
826 1351 923 1433 igitur
945 1352 983 1416 de
1004 1368 1096 1436 agne,
1120 1350 1245 1415 homine
1268 1349 1355 1415 ride·

147 1453 221 1520 lieet
244 1456 378 1539 Christe,
416 1479 531 1526 cornua
552 1460 652 1546 ipsius
674 1464 768 1544 atque
791 1464 953 1527 oculorum
975 1461 1042 1545 ejus
1065 1462 1144 1526 radii
1164 1463 1346 1547 precedunt,

146 1578 215 1656 ipsa
237 1588 309 1638 vero
332 1589 448 1637 cernua
469 1576 503 1638 et
522 1573 604 1637 eenli
626 1575 746 1656 septem
775 1575 849 1638 suni
868 1573 995 1656 spiritus
1019 1571 1080 1637 Dei
1103 1575 1183 1638 teste
1205 1571 1349 1639 Jehanne

145 1683 177 1748 in
200 1701 326 1749 emnem
349 1686 464 1748 terrem
487 1683 584 1766 missi,
608 1683 714 1766 itaque
736 1702 861 1748 neeesse
884 1687 933 1748 est
955 1683 1072 1749 fateare
1106 1682 1259 1768 Spiritum
1289 1681 1352 1748 Dei

145 1796 184 1860 de
206 1813 288 1880 agno
312 1795 435 1863 Christe
459 1794 520 1860 Dei
547 1797 641 1878 atque
663 1795 798 1860 hominis
818 1795 882 1861 filio
905 1796 1070 1879 presedere
1092 1798 1147 1859 ant
1167 1793 1349 1879 apostolum

144 1909 270 1972 tantum
290 1906 324 1971 in
346 1906 458 1990 spiritu
479 1907 539 1972 Dei
559 1908 739 1991 loquentem
760 1907 927 1972 mentitum
950 1925 1027 1986 esse,
1051 1906 1134 1988 qued
1156 1905 1263 1990 utique
1285 1905 1351 1971 die-

144 2021 215 2083 tum
239 2014 329 2082 nefas
353 2019 410 2084 est.
711 1999 713 2006 ’

120 2122 143 2192 3
228 2129 331 2196 vAudi
376 2146 449 2195 rere
481 2132 513 2194 et
546 2127 728 2214 prephetiea
762 2148 856 2212 super
888 2129 998 2195 eedem
1031 2128 1124 2194 verbe
1158 2126 1349 2195 testimonia.

141 2239 304 2324 Numquid
334 2241 416 2324 apud
450 2239 644 2306 Ezechielem
678 2258 741 2325 nen
761 2240 876 2324 legisti,
900 2240 1053 2324 templum
1090 2237 1130 2304 ab
1164 2256 1200 2304 ee
1234 2237 1348 2319 visum,

141 2354 183 2418 de
227 2350 339 2434 eujus.
359 2352 457 2416 latere
501 2352 607 2416 dextre
652 2367 750 2434 aquae
784 2348 1031 2435 egrediebantur,
1068 2366 1146 2433 quae
1179 2350 1219 2414 ad
1255 2366 1348 2432 qnes-

141 2482 275 2548 eumque
297 2466 448 2528 uenerunt
470 2462 548 2528 salvi
570 2461 646 2528 laeti
669 2463 765 2526 sunt?
785 2461 857 2527 Neu
880 2460 1095 2527 manufactum
1118 2464 1167 2527 est
1189 2460 1248 2527 hee
1268 2463 1345 2531 tem.

139 2576 227 2659 plum
257 2573 409 2640 salutares
442 2573 574 2639 tundens
597 2589 704 2657 equas,
743 2573 797 2638 sed
828 2573 898 2658 ipse
930 2575 979 2638 est
1000 2573 1106 2638 virens
1132 2575 1163 2637 et
1184 2570 1344 2638 vivificans

138 2685 293 2752 Demimrs
315 2685 420 2764 Jesus,
445 2684 551 2768 quiin
575 2702 610 2749 ee
634 2683 717 2767 qued
750 2683 843 2747 hume
867 2683 1029 2766 templum,
1052 2681 1086 2746 in
1108 2701 1144 2749 ee
1167 2700 1240 2749 rere
1260 2683 1345 2765 qued

138 2797 224 2862 Deus
246 2794 357 2879 templi
377 2794 536 2860 habitator
557 2798 613 2862 est.
645 2793 696 2860 De
719 2812 780 2877 que
803 2794 920 2880 temple
943 2811 1042 2878 aquae
1064 2794 1256 2879 egredientes
1279 2812 1343 2860 nen

137 2907 222 2972 alind
245 2923 339 2991 quam
362 2906 492 2992 spiritus
514 2905 581 2990 ejus
606 2908 671 2985 est,
701 2905 783 2970 sient
803 2904 979 2989 evangeliea
1001 2922 1058 2971 nes
1083 2905 1195 2972 ueritas
1219 2905 1337 2978 edeeet.

137 3019 211 3102 Ipse
244 3035 380 3103 namque
401 3018 434 3083 in
456 3017 505 3084 die
527 3033 641 3101 magno
676 3014 885 3081 solemnitatis
916 3017 1020 3080 stante
1040 3015 1072 3080 in
1094 3016 1212 3099 temple
1235 3033 1271 3082 ee
1293 3017 1341 3082 di·

4 3115 5 3204 Ϊ
136 3134 225 3196 sente
248 3130 286 3195 de
309 3150 360 3195 se:
395 3129 428 3195 si
462 3129 551 3214 quis
587 3129 680 3195 sitit
713 3127 852 3193 reniet
884 3128 1013 3193 adme
1036 3127 1341 3197 etbibatetde

135 3241 378 3327 uentreejus
396 3240 668 3324 fluentaqnae
684 3238 838 3324 uiveel)
855 3239 1338 3324 subjecitllvsngelistadieenst

5 3381 6 3386 ¹
135 3353 215 3420 Hes
237 3355 370 3419 antem
392 3350 563 3418 dicebat
585 3354 630 3420 de
652 3355 825 3440 spiritu,
854 3372 969 3439 quem
990 3352 1200 3436 accepturi
1222 3356 1339 3418 erant

134 3465 342 3532 eredentes
365 3465 406 3529 in
428 3483 526 3530 eum.
571 3465 673 3551 Igitur
704 3466 773 3554 ipse
805 3466 958 3549 templum
980 3466 1011 3530 et
1033 3481 1115 3548 aqua
1147 3463 1185 3529 de
1219 3465 1335 3547 temple

134 3577 294 3663 egrediens
329 3576 457 3660 spiritus
494 3577 561 3663 ejus
599 3579 770 3644 seeundum
806 3576 1019 3661 euangelicam
1052 3578 1084 3640 et
1120 3573 1336 3660 propheticam

131 3689 297 3754 ueritatem
333 3685 553 3772 intelligendus
588 3692 640 3756 est
662 3694 694 3756 et
714 3689 807 3775 hujus
832 3690 919 3757 vivae
941 3707 978 3756 aa
1001 3688 1140 3755 vivificae
1162 3706 1260 3773 aquae
1282 3688 1336 3756 illa

132 3798 280 3866 salutaris
301 3817 382 3884 aqua
405 3799 531 3884 signum
552 3798 622 3881 tirit,
657 3819 737 3886 quae
759 3803 797 3867 de
818 3802 916 3867 latere
938 3799 1005 3883 ejus
1026 3799 1059 3864 in
1082 3817 1173 3866 erues
1194 3801 1335 3868 leneeate

130 3909 280 3977 manarit.
302 3910 393 3993 Quod
415 3929 487 3977 rere
509 3910 689 3997 hueusque
711 3913 749 3977 de
770 3915 867 3978 latere
889 3911 1000 3995 templi
1021 3911 1128 3976 dertre
1144 3911 1250 3996 egredi
1265 3912 1332 3978 visa

131 4024 180 4086 est
200 4021 261 4088 hee
283 4019 458 4106 significare
480 4020 615 4106 Spiritus
649 4026 775 4089 sanetus
808 4023 917 4103 veluit,
953 4023 1035 4109 qued
1068 4022 1162 4087 home
1187 4019 1334 4088 Christus

130 4135 225 4202 Jesus
248 4131 353 4198 rivum
376 4136 407 4198 et
429 4152 538 4199 uemm
559 4151 595 4200 ae
619 4133 776 4219 singulare
791 4134 850 4200 Dei
864 4135 1027 4219 templum,
1052 4133 1192 4218 quamvis
1215 4149 1331 4216 aquam

129 4244 218 4326 hans,
252 4247 396 4310 sanetum
419 4244 562 4311 videlieet
584 4243 745 4329 Spiritum,
768 4243 879 4310 tundat
912 4262 948 4310 ae
970 4243 1098 4310 tundere
1126 4244 1158 4310 in
1188 4261 1223 4309 ee
1247 4242 1332 4327 quod

129 4356 222 4423 home
259 4360 306 4421 est
329 4358 438 4440 petens
463 4357 513 4437 sit,
547 4375 610 4422 nen
642 4360 747 4422 tamen
771 4377 807 4422 er
829 4375 865 4421 eo
888 4358 971 4440 qued
993 4359 1043 4422 est
1074 4355 1167 4421 heme
1201 4351 1330 4420 sundere

212 4464 287 4471 η...-

180 4465 211 4472 -
233 4481 252 4552 ¹)
271 4465 388 4550 δῶ.
406 4483 431 4538 6.
453 4513 486 4523 -
509 4483 530 4554 ¹)
549 4486 621 4541 Jnan.
642 4485 666 4540 7.
688 4484 732 4539 38.
