3158 5212
220 336 264 402 40

218 508 356 593 gativam
375 501 545 588 largiendo.
576 502 620 568 At
641 521 712 568 vero
736 500 790 568 ubi
811 501 850 566 ad
872 519 960 584 reges
983 504 1111 566 ventum
1132 501 1191 582 est,
1216 501 1269 584 q‘ui
1290 501 1416 587 ignora-

216 614 436 701 bantJoseph,
458 614 598 694 ecclesia,
622 632 699 696 quae
721 617 787 678 erat
809 611 943 692 domina,
966 610 1051 676 facta
1073 614 1121 676 est
1142 611 1253 676 ancilla
1276 616 1307 678 et
1330 610 1412 678 siout

220 728 341 814 quando
363 725 463 792 tribus
485 726 556 790 Dan
589 725 691 810 coepit
722 722 781 789 sibi
805 741 951 806 quaerere
972 723 1213 807 possessiouem,
1247 741 1320 789 cum
1347 724 1415 809 jem

219 860 280 907 non
303 843 384 906 esset
407 839 512 904 resin
533 839 631 905 lsrael
651 838 705 904 sed
727 836 939 920 unusquisque
956 835 1039 917 quod
1054 832 1170 898 bonum
1183 832 1243 900 sibi
1254 834 1415 900 videbatur

218 952 277 1017 hoc
298 949 439 1032 faciebat,
464 968 535 1015 curn
553 949 621 1032 jam
643 949 675 1014 in
698 947 828 1014 ecclesia
849 947 906 1012 Dei
929 948 980 1010 vel·
997 945 1030 1009 in
1053 945 1144 1009 domo
1168 945 1291 1011 Michae
1314 947 1415 1030 eoepit

220 1081 287 1127 esse
310 1061 429 1126 idolum
451 1064 483 1124 et
505 1061 647 1125 sacerdos
682 1058 890 1125 conductitius
924 1076 986 1121 nou
1007 1057 1115 1121 electio
1139 1057 1223 1138 cleri,
1256 1076 1318 1122 non
1342 1075 1415 1122 oon-

219 1193 328 1240 sensus
351 1172 583 1251 honoratorum,
617 1190 678 1237 nou
701 1171 811 1257 petitio
835 1171 946 1256 populi
979 1169 1012 1232 in
1046 1169 1223 1237 ordinandis
1261 1160 1445 1254 episcopis

218 1283 434 1369 quaerebatur,
457 1301 519 1347 uon
540 1283 699 1348 sanctitati
722 1283 821 1361 vitae,
844 1299 905 1346 non
927 1281 1073 1346 scientiae
1094 1282 1256 1350 illustriori
1278 1285 1414 1352 delatum

218 1398 265 1460 est
289 1395 344 1459 sed
367 1394 554 1477 quicumque
587 1392 711 1459 volebat
745 1391 895 1477 implebat
929 1411 1057 1457 manum
1079 1412 1168 1458 suam
1191 1397 1222 1461 et
1243 1396 1344 1462 factus
1367 1400 1415 1462 est

219 1507 363 1573 sacerdos
386 1523 448 1570 non
456 1505 525 1589 jam
537 1506 663 1570 Domini
686 1507 740 1570 sed
762 1522 959 1570 mammonae
981 1523 1017 1590 ac
1038 1506 1191 1590 principis
1203 1506 1295 1590 hujus
1307 1507 1414 1572 mundi

218 1617 363 1684 dicentis:
385 1616 480 1682 haec
503 1618 629 1682 omnia
650 1617 723 1682 tibi
747 1615 847 1683 dabo
865 1619 896 1683 si
917 1617 1059 1684 cadens
1079 1617 1300 1684 adoraveris
1318 1619 1414 1705 mest)

218 1727 299 1812 Quid
330 1727 412 1792 enim
445 1732 512 1794 erat
546 1729 606 1792 nisi
638 1728 753 1795 diaboli
785 1729 935 1814 principis
972 1729 1064 1811 hujus
1097 1730 1205 1794 mundi
1225 1730 1257 1794 iu
1276 1731 1412 1816 maligno

216 1821 312 1923 positi
334 1839 483 1919 adoratio,
507 1839 684 1924 principum
706 1839 737 1902 in
760 1838 874 1921 quibus
899 1838 1063 1922 superbiae
1085 1839 1412 1925 etavaritiaespiritus

91 1987 94 1994 ·
217 1948 378 2014 habitabat
399 1951 438 2014 ad
459 1949 519 2014 hoc
541 1949 700 2014 clientelae
723 1949 887 2028 deservire,
925 1952 961 2014 ut
982 1949 1124 2033 quisquis
1145 1949 1208 2015 illis
1231 1951 1412 2019 familiarius

217 2061 391 2126 deserviens
414 2061 575 2144 dignitatis
598 2059 827 2125 ecclesiasticae
859 2059 991 2142 alicujus
1013 2062 1135 2145 apicem
1158 2062 1244 2127 eitius
1265 2065 1412 2148 consequi

217 2171 391 2257 potuisset;
427 2190 498 2236 oum
520 2171 626 2235 taliter
647 2170 771 2235 aliunde
793 2171 936 2236 videlicet
965 2172 1165 2239 ascendentes
1187 2189 1245 2238 non
1266 2172 1306 2238 ad
1327 2176 1412 2242 aliud

216 2280 277 2346 nisi
308 2285 343 2344 ut
366 2283 469 2345 essent
491 2280 636 2345 haeretici
651 2284 937 2364 promoverentur?
960 2282 1043 2347 Nam
1069 2289 1101 2349 et
1120 2284 1182 2369 ipsi
1200 2284 1310 2350 talium
1333 2287 1413 2353 ordi·

217 2397 340 2457 natones
377 2391 452 2456 dicti
484 2390 624 2475 episcopi
660 2409 732 2456 cum
755 2395 859 2456 essent
884 2392 1049 2461 indubitati
1071 2395 1229 2460 simoniaci
1246 2394 1314 2479 jam
1337 2399 1411 2464 olim

216 2505 249 2571 in
270 2525 326 2570 suo
349 2508 474 2570 auctore
496 2522 515 2569 a
537 2521 649 2588 magno
674 2503 801 2569 Simone
824 2505 919 2580 Petro
941 2505 1071 2589 aliisque
1094 2506 1320 2572 suecessoribus
1343 2508 1410 2592 ejus

216 2615 365 2700 legitimis
384 2616 608 2700 praedamnati,
632 2616 710 2681 nihil
727 2621 851 2702 praeter
871 2616 1104 2682 damnationem
1125 2629 1215 2700 quam
1235 2616 1410 2688 habuerunt

218 2727 283 2793 suis
316 2727 465 2791 ordinatis
501 2726 639 2792 conferre
672 2731 857 2812 potuerunt;
894 2728 1017 2812 ipsique
1052 2728 1156 2794 taliam
1190 2727 1322 2793 ordinati
1354 2749 1412 2815 per

218 2856 326 2903 eorum
357 2855 467 2902 manus
501 2837 733 2922 impositionem
769 2840 963 2904 vulneratum
996 2838 1035 2904 ab
1070 2841 1113 2905 eis
1141 2840 1236 2920 caput
1269 2845 1410 2924 reporta-

219 2953 339 3016 verunt.

318 3060 397 3142 Quid
421 3076 569 3144 sponsam
593 3057 717 3138 Christi,
752 3065 892 3126 sanctam
926 3061 1081 3126 ecclesian
1114 3077 1176 3125 non
1205 3063 1335 3146 periculi
1357 3067 1407 3132 vel

218 3170 294 3237 mali
315 3170 373 3235 sub
395 3169 510 3235 talibus
532 3169 682 3253 pronubis
705 3174 736 3235 et
759 3171 916 3236 sodalibus
938 3173 1045 3256 sponsi
1060 3188 1188 3254 passam
1210 3173 1406 3257 arbitremur,

218 3281 406 3347 irruentibus
437 3280 585 3345 nimirum
615 3282 653 3345 ad
684 3299 753 3345 eam
775 3283 894 3367 passim
917 3286 957 3363 et,
992 3286 1027 3348 ut
1053 3280 1171 3346 dictum
1204 3289 1261 3365 est,
1285 3286 1408 3356 aliunde

219 3389 454 3458 ascendentibus
489 3389 679 3473 quibuslibet
701 3393 748 3457 vel
770 3394 947 3477 pecuniosis
965 3394 1030 3478 jam
1047 3393 1087 3456 ad
1109 3411 1200 3458 omne
1223 3396 1332 3462 vitium
1355 3418 1408 3465 ex·

220 3502 356 3568 eroitatis
389 3502 438 3567 vel
460 3521 478 3566 a
500 3502 756 3568 descendentibus
790 3503 946 3570 nobilibus
979 3507 1016 3571 ad
1032 3521 1122 3568 omne
1155 3507 1266 3572 vitium
1300 3511 1406 3593 cereis,

219 3613 258 3677 ad
281 3631 358 3695 quos
382 3613 550 3678 monendos
574 3613 621 3679 vel
643 3615 819 3699 arguendos
841 3616 972 3701 quilibet
986 3615 1159 3682 accessisset
1174 3619 1259 3684 velut
1273 3638 1291 3684 a
1306 3622 1405 3708 spinis

220 3724 250 3786 et
284 3722 407 3787 tribulis
442 3724 607 3790 convulsus
630 3728 661 3790 et
683 3726 868 3793 dilaceratus
901 3727 1028 3794 abiisset.
1075 3726 1165 3792 Tales
1199 3747 1333 3817 namque
1366 3737 1405 3802 ad

219 3850 352 3917 sponsae
372 3831 501 3897 Domini
524 3835 701 3899 castitatem
722 3837 1030 3923 nemineprohibute
1052 3834 1147 3903 libere
1164 3839 1321 3909 irruerunt
1342 3864 1404 3911 non

218 3947 253 4007 ut
275 3941 365 4006 fratri
386 3942 532 4007 defuncto
566 3965 672 4010 semen
694 3948 881 4014 suscitarent
915 3943 959 4016 sel
981 3948 1016 4010 ut
1039 3965 1113 4016 suae
1132 3952 1274 4020 vesaniae
1296 3974 1404 4024 coecas

218 4053 403 4138 cupiditates
427 4054 592 4136 explerent.
623 4059 698 4140 Quis
720 4061 759 4125 ad
782 4059 932 4142 ejusmodi
945 4061 1118 4143 arguendos
1141 4065 1300 4148 prosiliret
1321 4087 1403 4152 quos

220 4169 250 4228 et
271 4163 441 4248 imperialis
475 4163 620 4230 tuebatur
641 4168 820 4248 auctoritas,
855 4164 1022 4236 divtlarum
1057 4189 1180 4256 quoque
1216 4174 1348 4244 facultas
1372 4184 1404 4246 et

218 4274 388 4339 amicorum
411 4253 463 4338 vel·
482 4281 685 4356 cognatorum
707 4279 857 4362 potentia,
880 4274 1016 4346 utentum
1040 4279 1220 4350 officiositas
1243 4290 1274 4353 et
1296 4289 1404 4355 multi·

221 4417 403 4424 Μὴ..
411 4419 467 4425 -α

322 4459 340 4530 ¹)
360 4463 442 4516 Malli.
461 4462 487 4516 4.
509 4465 533 4517 9.
