3172 5202
216 419 278 486 148

216 590 265 656 vel
286 587 408 674 argenti
430 587 543 653 Petrus
566 584 699 666 dederit,
734 587 770 650 ut
789 582 896 650 ovium
918 579 1034 650 Christi
1055 581 1165 666 pastor
1187 578 1276 644 fieret
1297 580 1329 642 et
1351 575 1420 644 cle-

216 720 303 766 mens
326 700 420 766 Petro
454 701 606 782 quantum
627 695 818 782 appenderit.
864 693 904 760 In
924 694 1030 778 prima
1063 709 1187 776 qnoque
1221 688 1421 756 ecclesiarum

215 813 403 879 limitatione
425 811 600 889 ostendant,
639 811 791 892 quantum
814 805 963 891 pecuniae
984 823 1004 870 a
1025 803 1157 889 singulis
1180 800 1318 868 ecclesiis
1341 799 1423 885 epis-

216 922 378 1009 copalibus
409 923 550 989 Romano
584 919 729 985 Pontifici
762 937 935 1004 appensum
969 916 1020 997 sit,
1055 919 1093 983 ut
1113 915 1255 1000 proprios
1279 912 1421 998 singulae

215 1033 332 1100 limites
354 1033 540 1120 acciperent,
578 1033 731 1117 quatenus
754 1030 884 1115 stipsis
907 1030 1048 1115 exemplo
1071 1027 1211 1112 priorum
1233 1025 1266 1091 in
1288 1022 1423 1090 transie-

216 1143 330 1224 rendis,
353 1143 519 1210 dilatandis
542 1146 574 1210 et
595 1141 814 1211 contrahendis
837 1140 1039 1208 ecclesiarum
1061 1139 1203 1206 terminis
1225 1139 1309 1205 idem
1331 1136 1422 1204 faoti-

218 1258 285 1320 tare
316 1252 450 1320 liberum
480 1254 531 1320 sit.
576 1254 676 1322 Simul
698 1257 731 1319 et
751 1254 892 1334 doceant,
926 1253 953 1319 si
985 1257 1128 1338 possunt,
1162 1250 1368 1337 magistratus
1392 1251 1425 1314 et

221 1365 429 1451 discipulatus
454 1367 602 1432 ecclesiae
625 1365 801 1452 spiritualia
822 1367 904 1432 dona
925 1383 988 1431 non
1010 1384 1089 1445 esse,
1112 1367 1148 1430 ut
1168 1361 1303 1429 liberum
1324 1360 1366 1426 sit
1388 1376 1425 1424 ea

221 1495 309 1542 more
341 1476 455 1561 peculii
475 1495 512 1543 ac
534 1479 674 1543 terrenae
706 1477 915 1564 possessionis
949 1477 1083 1546 vendere
1115 1480 1171 1543 aut
1193 1477 1220 1541 si
1243 1475 1365 1556 Petrus,
1388 1476 1426 1540 ut

218 1590 325 1672 pastor
346 1587 444 1663 fieret,
467 1588 545 1656 nihil
567 1593 725 1657 terrenum
740 1589 837 1670 dedit,
861 1589 976 1676 quippe
997 1588 1047 1656 cui
1069 1603 1181 1656 amum
1206 1590 1239 1652 et
1259 1587 1426 1672 argentum

222 1697 368 1764 nonfuit
390 1699 445 1766 sed
467 1699 682 1786 spiritualibus
716 1700 890 1785 spiritualia
923 1716 1108 1786 comparans
1131 1699 1198 1766 solo
1222 1695 1426 1765 confessionis

225 1809 297 1877 fidei
320 1814 352 1876 et
373 1812 547 1880 dilectionis
569 1813 678 1898 pretio,
701 1817 738 1878 nt
759 1816 870 1899 pastor
890 1811 989 1893 fleret,
1012 1808 1154 1879 emeruit
1178 1808 1212 1876 Si
1234 1808 1425 1877 dementem

221 1921 288 2006 ipse
320 1923 419 2007 gratis
452 1941 664 1991 successorem
702 1923 741 1991 ob
764 1924 948 1991 meritorum
969 1921 1221 2009 praerogativam
1253 1919 1362 2006 elegit,
1400 1918 1427 1986 si

219 2033 319 2116 gratis
340 2051 360 2096 a
381 2032 535 2119 principio
557 2034 707 2102 ecclesiae
728 2034 881 2101 limitatae
903 2039 987 2115 sunt,
1010 2035 1039 2101 si
1060 2035 1135 2101 olim
1157 2031 1268 2101 Simon
1289 2049 1309 2097 a
1330 2030 1427 2098 Petro

220 2142 386 2208 damnatus
409 2161 445 2210 ac
467 2145 693 2230 praecipitatus
717 2149 773 2228 est,
798 2145 825 2212 si
845 2144 912 2229 ejus
936 2163 1060 2232 quoque
1082 2162 1230 2230 sequaces
1245 2141 1423 2209 incrimine

221 2254 316 2319 simul
348 2273 421 2320 enm
454 2252 593 2340 ejusdem
625 2256 756 2342 piaculis
788 2256 928 2324 criminis
961 2255 1223 2325 interventoribus
1257 2274 1276 2322 a
1309 2252 1426 2320 sanctis

220 2364 364 2450 patribus
386 2364 527 2452 abusque
548 2369 672 2435 exordio
695 2370 842 2437 ecclesiae
878 2369 1096 2455 praedamnati
1119 2370 1150 2434 et
1171 2363 1425 2434 anathematizati

222 2479 305 2556 sunt,
338 2477 420 2543 unde
449 2477 504 2544 isti
525 2479 598 2545 novi
619 2479 761 2547 Simoues
798 2481 977 2548 innocentes
1000 2484 1032 2547 et
1053 2479 1180 2546 innocui
1202 2477 1425 2545 emerserunt?

222 2587 257 2655 Si
278 2589 446 2656 vendentes
470 2593 501 2657 et
523 2595 661 2659 ementes
683 2590 777 2660 boves
801 2596 833 2659 et
855 2611 927 2659 oves
950 2591 1045 2659 simul
1066 2595 1098 2658 et
1120 2588 1280 2659 columbas
1303 2607 1323 2655 a
1344 2591 1426 2653 tem·

222 2700 275 2785 plo
298 2699 422 2785 flagello
456 2702 610 2770 dominico
639 2703 708 2787 jam
741 2703 817 2770 olim
850 2702 941 2787 ejecti
969 2705 1053 2783 suut,
1084 2701 1111 2768 si
1143 2699 1426 2768 nummulariorum

225 2811 363 2894 effus01)
396 2829 466 2878 aere
499 2814 677 2899 mensisque
711 2813 867 2880 subversis
900 2813 983 2880 idem
1004 2813 1207 2880 nummularii
1227 2812 1311 2879 iuras
1333 2811 1427 2897 pulsi,

224 2926 306 2991 unde
327 2923 382 2990 isti
403 2924 476 2990 novi
497 2922 594 2992 boum
611 2928 706 3009 atque
721 2924 826 2991 ovium
841 2924 1082 3006 rationabilium,
1105 2924 1334 3012 praelationum
1357 2923 1427 2989 dico

226 3040 320 3121 atque
342 3035 586 3119 discipulatuum
606 3035 827 3120 spiritualium,
862 3036 1038 3103 venditores
1059 3039 1092 3102 et
1114 3037 1270 3120 emptores
1306 3033 1428 3119 irrupe-

226 3149 322 3215 runt?
344 3145 448 3224 Unde,
460 3146 533 3211 novi
554 3146 721 3230 trapezitae
742 3147 797 3214 isti
818 3148 858 3214 ad
879 3147 977 3214 librae
996 3148 1135 3233 pondera
1157 3145 1337 3232 spirituales
1359 3162 1429 3210 ma·

226 3260 378 3346 gistratus
401 3260 433 3323 et
454 3256 657 3342 discipulatus
679 3259 877 3344 ampliantes,
896 3259 1081 3338 minuentes,
1097 3258 1319 3324 transferentes
1335 3259 1429 3340 atque

227 3369 355 3454 insuper
388 3367 554 3433 anathema
583 3367 698 3434 talibus
735 3369 888 3436 dictatum
907 3388 969 3435 non
991 3369 1224 3437 formidantes?
1268 3368 1335 3434 llut
1356 3384 1428 3432 vero

229 3481 288 3545 soli
308 3479 371 3564 ipsi
392 3497 411 3544 a
432 3478 590 3545 communi
626 3478 696 3566 loge
718 3481 878 3567 Evangelii
899 3479 993 3548 simul
1016 3483 1048 3546 et
1069 3480 1186 3566 regulis
1210 3476 1429 3546 ecclesiasticis

229 3590 365 3676 exempti
395 3595 479 3670 sunt,
513 3594 549 3656 nt
583 3590 730 3677 quidquid
767 3593 1031 3677 quabteronmque
1064 3591 1114 3658 vel
1150 3590 1342 3677 quibuslibet
1374 3609 1430 3676 pro

232 3700 334 3768 causis
357 3698 487 3767 iecerint
509 3719 634 3767 sacrum
655 3699 768 3769 debeat
788 3706 949 3788 reputari?
963 3707 987 3789 e)
1014 3705 1086 3772 Non
1108 3703 1191 3770 enim
1212 3719 1364 3788 negamus
1386 3702 1431 3768 eis

230 3811 492 3895 dispensationem
514 3829 582 3878 esse
604 3812 764 3895 creditam,
786 3813 841 3881 ubi
861 3815 893 3881 id
916 3815 1143 3884 ecclesiasticae
1164 3812 1360 3882 necessitatis
1382 3813 1433 3880 vel

231 3924 377 3991 utilitatis
399 3923 479 3990 ratio
502 3925 650 4009 postulat,
688 3927 743 3993 sed
763 3928 804 3993 ad
825 3928 960 4012 pretium
982 3926 1132 4014 pecuniae
1154 3925 1359 4012 magistratus
1382 3942 1433 3990 co·

231 4035 343 4103 clasiae
364 4038 536 4121 transferri,
571 4037 717 4124 ampliari
739 4039 788 4106 vel
809 4039 908 4108 minui
943 4044 1000 4158 apt
1022 4057 1217 4127 quocumque
1252 4037 1345 4106 modo
1368 4035 1434 4104 dis·

337 4296 355 4360 ¹)
374 4295 430 4348 sod.
450 4296 549 4352 effusio.

335 4390 355 4462 ²)
374 4390 751 4448 Gurdelicalasu'ures
780 4397 969 4463 praesumis
998 4395 1148 4450 mordaci
1177 4393 1303 4450 redere
1332 4393 1434 4448 uero?

380 4495 469 4550 Glossn
487 4508 566 4560 marg.
586 4491 619 4547 ab
637 4511 660 4548 a.
683 4493 762 4550 1525.
