3158 5212
1309 421 1352 487 35

153 588 341 672 supplicium
375 589 430 656 sed
463 591 496 656 et
517 589 640 656 eulmen
662 590 815 658 virtutum
851 594 945 676 atquo
977 589 1177 657 beatitudinis
1210 594 1352 658 aeternae

153 703 361 785 consequetur
405 700 601 768 octonarium
638 701 759 768 dicente
794 701 949 768 Domino:
993 701 1109 768 Beati
1151 721 1352 788 pauperes

152 811 319 896 spiritu,
343 811 534 898 quoniam
555 811 735 897 ipsorum
758 815 821 879 est
843 831 1012 898 regnum
1035 816 1237 881 coelorum
1259 809 1349 896 etc-¹)

645 1201 752 1270 cap.
772 1201 869 1260 ΧΠ.

198 1323 246 1392 lle
270 1322 525 1393 dimensionibus
546 1324 776 1414 recapitulatio
798 1326 832 1394 et
853 1323 1019 1413 spirituali
1040 1325 1157 1394 ornatu
1180 1324 1303 1414 templi.

252 1510 339 1579 lstae
361 1512 466 1598 itaque
488 1512 705 1581 dimensiones.
750 1513 835 1579 Haec
857 1511 1018 1598 longitudo
1052 1511 1152 1580 fidelis
1185 1513 1353 1598 patientiae

150 1639 188 1688 ac
209 1621 283 1689 fidei
305 1623 409 1690 omnia
440 1627 568 1709 propter
588 1625 690 1691 Deum
713 1623 915 1703 sustinentis3
946 1623 1022 1690 haee
1055 1623 1228 1708 amplitudo
1252 1623 1354 1690 chari·

151 1733 227 1800 tatis
249 1753 284 1800 so
306 1734 345 1800 ad
366 1733 542 1819 proximum
572 1734 605 1800 in
637 1735 703 1801 Deo
733 1737 765 1801 et
786 1738 912 1819 propter
933 1735 1037 1803 Deum
1063 1733 1241 1813 issebntis3
1274 1733 1351 1799 haec

152 1843 330 1912 sublimitas
364 1845 507 1912 coelestis
541 1845 783 1914 conuersationis
817 1848 849 1912 et
870 1846 936 1929 spei
968 1865 1001 1913 se
1023 1845 1056 1910 in
1078 1847 1181 1912 Deum
1203 1842 1351 1930 erigentis

151 1960 278 2042 gratum
299 1957 366 2023 Deo
389 1957 551 2042 templum,
574 1960 716 2024 sanctam
738 1954 805 2041 ejus
828 1955 999 2040 eeclesiam,
1023 1955 1172 2037 efficiunt,
1192 1955 1352 2040 sexaginta

151 2069 184 2134 in
204 2070 345 2154 longum,
369 2069 480 2155 viginti
501 2069 535 2135 in
555 2071 664 2149 latum,
698 2068 828 2153 triginta
849 2069 899 2134 vel
921 2067 1017 2134 etiam
1039 2070 1165 2134 centum
1186 2065 1298 2151 viginti
1318 2065 1351 2132 in

150 2181 252 2246 altum
273 2180 449 2265 spirituales
473 2180 595 2248 cubitos
621 2179 824 2247 obtinentem.
847 2178 950 2263 HuJ‘us
972 2179 1082 2263 templi
1102 2197 1214 2244 aurum
1236 2176 1348 2243 divini-

151 2293 227 2358 tatis
249 2292 370 2374 notitia
405 2294 508 2360 cultus
531 2296 563 2360 et
584 2309 673 2358 amor
694 2295 759 2372 est3
792 2294 959 2376 argentum
981 2288 1047 2374 ejus
1069 2289 1102 2353 in
1124 2287 1235 2354 dimnis
1257 2285 1350 2353 rebus

151 2402 345 2488 eloquentia3
378 2403 508 2488 pretiosi
539 2403 659 2490 lapides
682 2400 748 2486 ejus
772 2402 925 2468 uirtutum
947 2399 1134 2486 margaritae
1156 2401 1248 2479 sunt;
1280 2398 1352 2482 thy·

149 2515 268 2581 mismo
301 2512 367 2599 ejus
399 2515 499 2581 bonae
521 2516 673 2601 opinionis
694 2515 882 2602 fragrantia3
916 2513 989 2578 thus
1021 2509 1251 2576 lucidissimum
1284 2508 1349 2592 ejus

148 2625 358 2694 conscientiae
378 2626 498 2712 puritas
510 2626 730 2694 etorationum
749 2627 876 2692 incensa
898 2624 988 2697 sunt;
1016 2621 1115 2685 altare
1136 2619 1350 2702 thymiamatis

148 2737 217 2822 ejus
252 2737 395 2806 Christus
431 2739 454 2807 J
456 2758 526 2806 esus
571 2740 751 2805 sanctorum
785 2755 891 2821 preces
925 2736 958 2800 et
989 2731 1144 2798 orationes
1181 2728 1348 2814 excipiens3

147 2850 248 2915 altare
282 2868 404 2935 quoque
448 2849 623 2918 holocausti
656 2853 688 2916 et
710 2847 932 2916 sacrificiorum
970 2847 1002 2910 et
1034 2840 1234 2908 uictimarum
1266 2839 1350 2904 idern

147 2961 293 3030 Christus
327 2964 375 3027 est
406 2961 631 3046 poenitentiam
653 2978 873 3028 conversorum
909 2959 942 3023 et
963 2957 1038 3021 vota
1060 2971 1181 3037 quoque
1210 2949 1349 3017 fidelium

145 3093 209 3140 non
231 3073 393 3157 repellens.
417 3071 539 3159 Singuli
560 3073 671 3160 templi
691 3071 784 3156 hujus
806 3070 923 3154 lapides
938 3063 1185 3152 quiquelideles3
1208 3059 1349 3126 tabulata

145 3203 224 3252 auro
246 3183 402 3269 affigendo
436 3186 621 3269 praeparata
652 3183 752 3268 pietas
787 3180 937 3259 cordium,
969 3173 1092 3243 devotio
1115 3172 1268 3239 mentium
1289 3172 1347 3236 est.

145 3295 220 3362 Non
241 3293 333 3361 nobis
354 3299 446 3362 vacat
467 3314 524 3363 nec
544 3295 741 3381 propositum
762 3294 811 3358 est
832 3309 887 3374 per
910 3289 1033 3374 singula
1048 3285 1224 3370 spirituales
1237 3281 1348 3368 templi

145 3406 240 3491 hujus
263 3409 437 3473 structuras
459 3407 509 3472 uel
524 3407 651 3473 ornatus
662 3401 872 3489 perstringere
894 3398 948 3466 sed
971 3397 1010 3462 ad
1032 3395 1095 3461 ista
1115 3392 1259 3459 intulisse
1281 3391 1349 3457 suf-

145 3517 241 3600 ficiat,
277 3520 428 3603 quatenus
462 3516 598 3584 sciamus
619 3513 690 3580 Deo
722 3511 903 3580 fabricatori
935 3508 1001 3593 ejus
1034 3503 1185 3588 majorem
1217 3502 1256 3567 de
1288 3501 1347 3568 hoe

144 3632 265 3717 templo
299 3647 394 3714 quam
425 3630 463 3696 de
507 3628 646 3715 quolibet
677 3625 855 3693 manufacto
890 3618 1118 3709 quantumlibet
1151 3617 1259 3682 ornato
1294 3617 1344 3681 vel

144 3743 251 3827 amplo
275 3758 383 3807 curam
405 3741 544 3809 existere.
585 3740 670 3807 Nam
692 3743 794 3807 cetera
816 3737 919 3804 omnia
940 3730 1121 3800 manufacta
1141 3726 1201 3794 Dei
1222 3727 1342 3812 templa

143 3856 276 3939 propter
295 3851 383 3919 istud
414 3849 498 3918 iacta
520 3855 593 3918 sunt
615 3854 648 3918 et
670 3850 770 3931 liunt;
803 3849 865 3916 ista
885 3865 957 3914 vero
980 3844 1091 3909 domus
1124 3857 1182 3926 pro
1206 3835 1348 3903 suimeti-

148 3965 238 4050 psius
261 3963 363 4049 pretio
385 3980 405 4028 a
425 3961 560 4030 Domino
583 3964 662 4032 Jesu
684 3961 808 4031 Christo
830 3957 977 4046 propriae
987 3950 1227 4041 praedicationis
1238 3947 1346 4015 labore

144 4076 242 4142 immo
266 4076 299 4142 et
319 4073 431 4140 mortis
454 4072 521 4158 ejus
542 4074 700 4161 impendio
715 4072 868 4140 fabricata
879 4067 1052 4155 spirituque
1075 4066 1182 4132 sancto
1205 4060 1243 4127 de
1258 4060 1343 4126 coelo

144 4187 243 4254 misso
266 4187 446 4254 consecrata
468 4187 525 4252 est.
569 4183 682 4270 ltaque
704 4185 857 4269 quantum
888 4179 965 4246 haee
986 4179 1097 4244 domus
1120 4171 1205 4240 omni
1226 4171 1345 4256 templo

144 4302 285 4387 praestat
305 4297 487 4366 manufacto
521 4299 609 4366 bnto
643 4295 709 4382 ejus
738 4291 915 4382 profanatio
949 4283 1186 4357 abominabilior
1217 4281 1345 4366 Deoque

249 4517 268 4586 ¹)
287 4515 372 4572 lieth.
392 4515 419 4574 a.
437 4514 466 4573 3.
483 4528 554 4582 seqq.
1204 4580 1244 4648 3*
