3168 5214
1282 361 1346 429 on

143 528 241 596 iidem
263 530 365 598 sancti
380 527 443 596 Dei
461 529 630 616 prophetae
651 532 744 617 longe
765 536 839 616 post
860 532 966 600 futura
988 533 1149 618 tamquam
1170 534 1346 621 praesentia

145 642 281 710 contuiti
296 644 380 709 sunt.
391 641 480 708 Unde
494 660 574 708 1110
589 642 729 729 ipsorum
744 661 846 723 ecce,
861 643 972 727 inquit,
988 644 1096 729 virgo
1113 645 1314 732 concipiet.
1331 643 1345 730 )

634 1029 744 1098 cap.
764 1029 861 1085 Lx.

401 1150 447 1217 lie
470 1152 668 1220 aeternitate
692 1154 886 1238 sanctorum,
909 1153 1014 1240 qualis
1036 1154 1089 1222 sit.

243 1337 369 1404 Etenim
389 1356 446 1405 100
467 1338 623 1423 parietum
646 1339 827 1420 obstaculis,
861 1358 917 1406 nec
938 1342 1078 1407 locorum
1100 1341 1272 1409 interuallis
1295 1342 1344 1407 in·

142 1452 252 1532 hiberi,
267 1535 271 1542 ,
286 1469 345 1516 100
376 1448 569 1534 temporibus
592 1450 806 1535 praejudicari,
825 1450 893 1535 jam
914 1451 1067 1536 quaedam
1088 1451 1121 1517 11
1146 1453 1263 1519 sanctis
1286 1453 1344 1520 Dei

141 1562 335 1630 aeternitatis
369 1562 525 1629 inchoatio
548 1567 608 1629 001.
652 1564 738 1646 Quae
759 1562 786 1629 si
807 1563 987 1648 perficiatur
1018 1564 1127 1647 ineis,
1165 1565 1238 1649 quid
1259 1564 1345 1631 aliud

141 1673 201 1740 nisi
225 1676 345 1742 aeterni
367 1680 465 1758 erunt,
488 1677 627 1743 ridentes
649 1676 752 1742 Deum
784 1676 877 1742 sicuti
906 1679 955 1743 est
985 1677 1080 1759 atque
1100 1675 1134 1739 in
1156 1673 1262 1740 Verbo
1285 1674 1344 1744 Dei

142 1787 283 1852 annium
303 1789 439 1854 rationes
461 1791 684 1872 cognoscentes
707 1785 798 1852 sicuti
821 1790 903 1852 sunt.
926 1786 1008 1852 liant
1028 1804 1111 1852 nunc
1125 1789 1157 1852 01
1172 1786 1342 1866 Dominum

141 1899 253 1966 Jesnm
275 1899 308 1964 in
331 1916 392 1964 uno
426 1898 531 1982 aliquo
555 1897 632 1964 coeli
654 1897 784 1964 honesto
819 1898 873 1964 sed
894 1899 1028 1983 angusto
1049 1897 1118 1963 loco
1140 1896 1265 1964 aethere
1287 1896 1343 1963 ob-

142 2009 419 2088 situmincludant,
432 2009 513 2074 unde
531 2008 672 2075 localiter
691 2027 762 2075 cnm
777 2009 805 2076 ei
825 2007 951 2075 libuerit
972 2007 1013 2072 ad
1036 2008 1126 2092 regni
1148 2008 1196 2074 sui
1217 2008 1343 2095 negotia

141 2123 219 2188 item
246 2121 371 2187 aethere
405 2118 525 2186 obsitus
559 2119 750 2204 disponenda
780 2118 1343 2205 1100010101οο10111101001110

142 2232 181 2297 ad
203 2231 282 2297 alios
305 2234 484 2298 sanctorum
500 2233 607 2296 000110
629 2230 788 2309 00001010,
809 2229 981 2315 virginibus
1003 2231 1110 2295 tamen
1129 2229 1196 2314 ejus
1211 2230 1343 2297 comita·

142 2346 210 2408 tum
231 2359 294 2406 non
316 2340 538 2422 deserentibus,
551 2343 587 2406 ut
609 2341 653 2407 sic
675 2341 844 2426 impleatur
865 2341 947 2426 quod
969 2340 1120 2424 scriptum
1141 2343 1209 2407 este
1230 2339 1270 2406 hi
1290 2361 1343 2408 ee·

143 2454 325 2536 quuntur
346 2469 490 2537 agnum
513 2470 755 2537 quocumque
777 2450 920 2538 ierit,²)
943 2450 1072 2536 singulis
1087 2454 1193 2516 tamen
1208 2451 1342 2519 aetheris

142 2564 234 2632 vicini
257 2563 451 2630 extremitate
481 2563 591 2630 obsitis
614 2583 670 2630 001
692 2582 858 2649 corporum
891 2583 924 2629 00
946 2563 1194 2647 contingentium
1217 2563 1340 2648 agmine

143 2676 276 2761 stipatis,
298 2676 353 2755 ita,
375 2676 513 2761 inquam,
548 2679 621 2742 eant
653 2678 685 2741 01
716 2673 890 2740 Dominum
913 2675 1024 2742 Jesum
1057 2677 1243 2760 sanctosque
1275 2674 1342 2760 ejus

141 2786 280 2852 honestis
312 2785 501 2871 quibusdam
534 2785 708 2854 carceribus
730 2787 911 2866 includant,
946 2804 1018 2852 cum
1039 2804 1078 2850 ne
1099 2803 1197 2850 unum
1219 2783 1342 2869 quidem

140 2897 325 2982 prophetam
346 2898 411 2964 suis
435 2900 588 2965 conclavis
609 2897 780 2983 parietibus
802 2898 926 2982 possint
940 2897 1106 2976 includere,
1129 2897 1226 2962 etiem
1241 2896 1342 2963 adhuc

140 3009 172 3074 in
188 3028 280 3076 carne
295 3010 470 3094 degentem.
492 3008 546 3091 At,
569 3009 723 3094 inquiunt,
747 3008 905 3092 Propheta
926 3008 1052 3092 quidem
1073 3009 1126 3075 ille
1142 3028 1214 3076 cum
1230 3008 1341 3093 spiritu

139 3137 175 3187 ac
197 3120 411 3205 spiritualibus
447 3121 569 3187 animae
591 3120 732 3188 sensibus
753 3121 872 3186 videret
893 3119 1044 3202 absentia,
1067 3107 1196 3206 corpore
1222 3123 1336 3202 tamen,

143 3235 179 3297 ut
201 3234 312 3298 notum
334 3236 391 3314 est,
426 3233 474 3298 sui
506 3235 572 3298 erat
593 3231 743 3298 domicilii
774 3232 900 3316 insuper
921 3235 952 3297 et
973 3232 1089 3316 proprii
1121 3231 1258 3316 corporis
1280 3232 1343 3297 ter·

142 3343 235 3408 minis
259 3342 415 3423 inclusus,
438 3348 475 3409 ut
497 3343 598 3408 simile
621 3344 694 3428 quid
717 3342 806 3409 nobis
828 3342 921 3408 licoat
943 3343 980 3408 de
1002 3345 1180 3409 sanctorum
1200 3341 1233 3406 in
1256 3342 1341 3407 coelo

140 3454 356 3520 mansionibus
378 3455 551 3534 aestimare,
587 3458 739 3539 quatenus
773 3463 804 3520 et
826 3453 886 3539 ipsi
907 3453 1047 3520 localiter
1080 3453 1273 3519 abinvicem
1295 3451 1340 3518 di·

140 3564 273 3630 stinctae
306 3564 369 3628 sint
401 3566 432 3628 et
466 3563 659 3648 singulorum
705 3583 836 3652 corpora
871 3566 935 3631 suis
968 3565 1045 3632 loeis
1079 3565 1113 3630 in
1144 3561 1338 3646 amplissima

139 3673 274 3740 aetheria
308 3675 432 3760 regione
463 3676 673 3762 corporalibus
711 3679 912 3762 corporaliter
943 3677 1073 3744 inclusa.
1117 3674 1241 3740 Etenim
1264 3691 1335 3739 eum

138 3784 246 3851 aether
267 3804 378 3870 corpus
402 3789 433 3852 01
454 3788 487 3852 in
508 3789 575 3853 loco
599 3788 650 3868 sit,
673 3807 729 3854 neo
751 3788 817 3873 ipse
839 3788 964 3855 sibimet
985 3789 1074 3854 locus
1097 3787 1148 3867 sit,
1171 3802 1234 3851 non
1257 3784 1340 3850 enim

140 3899 188 3962 est
209 3896 278 3983 1100
300 3897 435 3981 spatium
456 3899 489 3963 in
511 3917 572 3982 quo
594 3902 652 3980 est,
675 3899 744 3965 aliis
767 3897 1339 3967 10110110110111010010010111111

139 4007 355 4092 spiritualibus
378 4007 559 4095 corporibus
581 4010 669 4076 loeus
692 4029 760 4077 0000
783 4011 950 4076 credendus
974 4011 1031 4089 est,
1054 4009 1136 4075 sicut
1158 4011 1240 4073 terra
1263 4024 1340 4089 quo-

139 4139 199 4205 qne
231 4119 441 4187 animantibus
475 4120 660 4187 mortalibus
693 4122 780 4188 locus
816 4125 873 4203 est,
908 4139 979 4187 cum
1002 4124 1034 4187 et
1054 4121 1122 4205 ipsa
1142 4119 1176 4184 in
1196 4119 1265 4183 loco
1288 4116 1339 4199 sit,

139 4231 193 4316 qui
216 4231 301 4298 aliud
324 4232 364 4297 ab
386 4232 454 4316 ipsa
477 4235 532 4316 est,
556 4252 618 4299 non
642 4233 724 4299 enim
746 4233 815 4318 ipsa
837 4232 973 4316 epatium
988 4251 1042 4300 001
1057 4231 1187 4297 vastitas
1202 4228 1255 4294 illa
1278 4229 1336 4309 est,

242 4445 311 4520 ¹)1s.
333 4446 358 4502 7.
380 4447 423 4504 14.
445 4475 478 4485 -
500 4445 721 4516 ¹)apoe.14.4.
