3172 5202
1270 406 1330 474 161

124 579 255 642 nimus
289 574 439 660 digitus
473 592 581 640 meus
614 573 801 659 grossior
833 578 891 641 est
924 576 1042 644 dorso
1076 577 1214 662 patris
1242 578 1330 643 mei.

124 690 249 756 Pater
281 705 387 753 meus
422 685 572 753 cecidit
605 704 668 753 ros
689 685 891 772 flagellis,
930 707 1000 774 ego
1033 708 1127 756 vero
1163 691 1331 756 caedem

123 819 196 866 ros
218 798 549 884 scorpionibus.1)
578 798 660 881 Quid
682 798 765 866 enim
788 803 864 865 sunt
885 817 984 866 novas
1006 800 1219 868 Romanorum
1240 819 1332 867 rexa-

122 911 236 991 tiones,
271 909 404 976 maxime
436 911 543 974 autern
566 908 741 992 superfluae
777 908 1002 994 appellationes
1026 914 1057 978 et
1074 910 1330 996 juramentorum

118 1023 154 1088 in
190 1022 313 1090 datione
345 1023 511 1108 palliorum
544 1039 641 1087 novae
685 1022 716 1086 et
758 1018 914 1087 indebitae
958 1022 1132 1090 exactiones
1165 1023 1225 1088 nisi
1260 1024 1329 1108 qui-

122 1135 199 1200 dam
220 1135 415 1219 scorpiones,
439 1133 550 1219 quibus
573 1149 636 1197 non
658 1133 725 1196 tann
746 1131 903 1216 castigant
936 1149 1029 1216 quam
1062 1137 1225 1200 cruentant
1257 1133 1332 1200 sub·

118 1245 255 1328 potsse
287 1246 419 1330 Pmpter
454 1243 671 1329 hujuscemodi
707 1245 790 1308 mala
827 1245 920 1310 otiam
944 1263 1076 1330 regnum
1098 1246 1215 1312 Romae
1252 1245 1330 1311 vici·

122 1373 212 1436 num,
235 1355 380 1422 videlicet
402 1354 578 1424 Siculorum
600 1356 632 1419 et
654 1353 785 1419 ducatus
801 1352 986 1438 Apulorum,
1010 1374 1107 1441 aeque
1129 1361 1166 1422 ut
1187 1358 1331 1442 Ungaro·

123 1485 199 1532 rum
221 1485 363 1552 regnum,
398 1486 433 1533 se
465 1468 497 1531 in
519 1469 643 1533 tantum
665 1471 919 1550 segregaverunt,
957 1472 993 1536 nt
1013 1471 1046 1534 in
1070 1470 1114 1536 eis
1136 1489 1198 1536 non
1219 1471 1333 1555 recipi-

121 1580 220 1644 antur
234 1577 414 1662 hujusmodi
429 1578 657 1664 appellationes
665 1575 691 1662 ⁸)
706 1578 757 1643 vel
773 1578 979 1646 admittantur
995 1581 1168 1666 legationes
1185 1578 1331 1646 coenobia

121 1695 156 1756 et
179 1689 240 1756 alia
261 1689 463 1756 servientium
486 1691 551 1756 Deo
574 1689 751 1757 habitacula
773 1693 949 1775 gravantes.
988 1691 1152 1758 timentur
1174 1709 1246 1757 vero
1267 1690 1330 1756 ista

119 1802 306 1887 gravamina
334 1821 371 1868 ox
392 1804 482 1887 parte
515 1804 646 1885 utraque
669 1802 714 1868 sic
736 1800 917 1869 intendente
950 1803 1060 1888 peperi
1092 1803 1137 1869 sic
1171 1821 1205 1870 se
1230 1801 1330 1896 ¹lnabet

119 1914 208 1978 mala
230 1914 421 1980 consuetudo
455 1912 566 1979 inolita
583 1913 651 1998 jam
675 1913 768 1999 longo
792 1917 931 1998 tempore
953 1913 1084 1981 avaritia
1105 1913 1210 1999 potius
1234 1931 1328 1997 quam

114 2023 246 2108 justitia
266 2025 447 2090 dominante
478 2024 560 2092 inter
581 2025 667 2111 ipsos
689 2023 861 2106 Romanos,
897 2026 950 2110 qui
972 2044 1080 2092 omnes
1103 2026 1238 2111 diligunt
1259 2043 1330 2090 mu·

119 2154 206 2216 nera,
242 2139 414 2220 sequuntur
445 2115 666 2202 retributiones
699 2139 765 2202 tam
788 2137 820 2203 in
843 2140 931 2220 parte
964 2155 1027 2204 una
1060 2153 1155 2222 quam
1187 2137 1219 2201 in
1240 2139 1329 2219 parte

118 2249 231 2314 altera.
255 2247 345 2313 Unde
366 2246 463 2330 aliqui
486 2247 623 2332 episcopi
657 2247 810 2332 multique
832 2247 969 2332 religiosi
991 2267 1028 2315 ac
1050 2247 1157 2314 fideles
1180 2247 1328 2314 ecclesiae

117 2359 182 2424 Dei
205 2375 299 2444 super
321 2360 484 2443 utriusque
516 2359 613 2444 partis
637 2359 879 2443 imperfectione,
912 2379 1007 2445 snper
1029 2359 1183 2426 scandalis
1207 2378 1328 2444 quoqne

118 2475 155 2538 et
175 2471 379 2538 abusionibus
409 2473 482 2537 hinc
514 2473 586 2537 inde
608 2470 877 2539 succrescentibus
913 2489 970 2537 nec
1002 2487 1065 2535 non
1099 2469 1327 2536 abominatione

117 2582 322 2650 desolationis
344 2584 377 2648 ln
399 2584 467 2649 loco
502 2586 609 2648 sancto
643 2586 747 2649 stante
769 2585 941 2668 gementes,
979 2581 1118 2647 dolentes
1141 2578 1326 2665 publiceque

117 2713 157 2760 ac
190 2693 340 2780 privatim
373 2694 532 2761 meliorem
566 2713 659 2778 super
695 2693 743 2759 bis
777 2693 871 2759 finem
908 2692 1023 2758 orando
1058 2692 1270 2773 exspectantes
1295 2693 1326 2755 et

118 2809 268 2893 optantes
302 2803 403 2872 adbuc
436 2804 573 2870 medium
596 2808 710 2870 tenent.
756 2805 863 2884 Putas,
896 2801 1050 2887 inquiunt,
1087 2799 1207 2881 ridebo,
1231 2802 1324 2886 putas

117 2915 250 2996 durabo,
288 2920 325 2983 ut
342 2916 464 2981 videam
487 2916 520 2981 in
542 2917 615 2981 sede
634 2915 721 2982 Petri
743 2913 945 3000 sequipedam
968 2911 1055 2978 Petri
1077 2909 1222 2995 pecunias
1244 2911 1325 2976 mate

118 3030 245 3096 oblatas
279 3030 539 3108 contemnentem,
572 3027 733 3111 justitiam
765 3043 841 3090 auro
865 3028 896 3091 et
917 3023 1038 3108 topazio
1072 3021 1323 3106 praehabentem,

116 3142 281 3226 pastorem
304 3160 338 3205 se
360 3138 467 3205 ovium
496 3141 598 3224 magis
615 3157 709 3222 quam
725 3140 896 3204 Dominum
917 3139 1121 3219 tyrannorum
1144 3153 1199 3200 seu
1214 3151 1324 3218 regum

113 3255 419 3336 recognoscentem?
457 3247 567 3331 Putas,
589 3249 743 3334 inquiunt,
766 3248 876 3315 ridebo
898 3248 977 3314 tales
999 3247 1031 3310 in
1053 3245 1226 3330 apostolica
1250 3245 1322 3310 sede

114 3361 307 3442 cardinales
348 3362 401 3447 qui
423 3362 563 3447 vestigiis
585 3382 641 3447 per
663 3361 768 3427 omnia
789 3360 968 3444 apostolicis
990 3358 1180 3435 inhaereant,
1204 3374 1265 3421 non
1288 3356 1319 3420 in

112 3471 298 3540 muneribus
331 3473 386 3538 sod
415 3471 540 3554 justitia
569 3471 757 3556 judicantes,
791 3489 854 3536 non
877 3488 955 3554 quae
978 3486 1035 3535 sua
1056 3470 1130 3534 sunt
1164 3467 1218 3532 sed
1241 3484 1321 3550 quae

112 3585 195 3652 Jesu
218 3583 334 3656 Christi
368 3588 550 3668 quaerentes
584 3583 720 3649 Martino
736 3582 761 3665 8)
795 3582 841 3647 illi
873 3584 981 3647 nostro
1003 3584 1034 3646 et
1056 3576 1232 3655 (lethardo,
1269 3576 1321 3660 qni

113 3695 241 3775 Lucius,
265 3695 406 3760 similest
433 3695 510 3778 Quis
532 3693 621 3760 nobis
643 3713 700 3779 pro
722 3692 843 3758 duobus
865 3693 936 3758 istis
959 3709 1056 3757 unum
1079 3687 1166 3754 dabit
1180 3690 1204 3770 ⁴)
1226 3685 1321 3752 Inno-

113 3806 255 3876 centium
278 3808 328 3872 rel
350 3806 525 3892 Eugenium
548 3810 580 3873 et
601 3807 701 3871 multa
732 3805 765 3871 in
798 3805 881 3870 hunc
903 3803 1042 3870 modum.
1086 3801 1130 3867 Et
1151 3802 1209 3867 hae
1230 3818 1320 3866 voces

112 3921 235 3988 mediae
256 3917 340 3985 illius
362 3917 462 4004 partis
478 3920 553 3984 sunt
567 3935 623 3982 nec
638 3913 806 3983 Alexandri
827 3932 883 3980 nec
901 3912 1037 3979 Victon's
1060 3928 1193 3978 causam·
1212 3908 1318 3975 delen·

220 4183 237 4252 ¹)
256 4182 306 4237 111.
327 4199 380 4250 reg.
402 4179 444 4236 12.
466 4179 509 4236 10.
531 4181 575 4236 11.

218 4281 238 4350 ²)
257 4279 296 4336 cl.
317 4282 455 4334 Beronium
473 4279 507 4333 ad
526 4296 550 4333 a.
572 4277 652 4334 1156.
671 4293 725 4333 nno.
746 4275 772 4331 4.
793 4293 845 4343 seq,

217 4377 238 4446 ⁸)
255 4380 289 4432 de
306 4383 392 4446 quart.
413 4380 464 4444 sig.
484 4384 551 4432 noct,
571 4376 616 4431 12.

216 4477 237 4548 ⁴)
257 4479 312 4532 cod.
333 4476 385 4532 dei.
