3172 5202
266 395 328 464 140

263 569 437 638 cismarinis
469 579 501 641 et
533 576 771 646 christianorum
803 582 1001 649 universitate
1034 584 1167 650 exercitu
1201 603 1294 669 quam
1324 585 1457 671 eopioso

263 683 485 755 subveniretur.
519 689 657 773 Cumque
678 693 739 758 ista
761 696 969 778 quaerimonia
990 699 1155 780 augeretur
1175 697 1208 762 in
1230 697 1295 762 dies
1317 717 1370 763 rer
1390 698 1460 762 Ro-

263 812 426 862 manorum
448 798 644 887 Ohunradus,
668 824 720 869 rex
742 825 862 890 quoque
884 809 1032 874 Franoiae
1054 807 1236 874 Ludevvieus
1259 808 1460 874 christianis·

261 905 341 970 sima
362 908 558 976 miseratione
590 917 724 997 permoti
744 917 882 983 laborem
905 919 964 984 sibi
986 920 1064 984 tanti
1088 920 1204 1004 negotii
1227 924 1354 1003 tamque
1374 919 1460 1004 piis-

262 1017 334 1083 simi
367 1022 469 1106 operis
501 1032 735 1109 assumpserunt
757 1033 881 1096 etcum
912 1030 1032 1097 infinito
1069 1031 1203 1098 exercitu
1235 1033 1274 1097 de
1306 1029 1456 1096 omnibns

261 1131 352 1196 terris
375 1132 620 1203 Christianorum
651 1141 690 1204 ad
720 1159 772 1205 eos
794 1141 966 1208 oontluente
997 1143 1080 1208 viam
1111 1145 1286 1208 terraneam
1317 1140 1458 1225 ingressi

262 1246 345 1324 sunt,
378 1249 500 1328 praeter
520 1269 572 1314 eos
596 1251 649 1334 qui
669 1250 797 1318 navibus
830 1273 885 1336 per
917 1270 1001 1318 mare
1028 1253 1111 1319 viam
1132 1255 1335 1338 arripuerunt.
1376 1252 1457 1318 Non

259 1349 321 1418 fuit
336 1355 444 1422 aivitas
461 1375 538 1441 quae
554 1361 776 1444 multitudines,
799 1383 860 1428 non
882 1367 956 1430 villa
978 1385 1033 1431 seu
1054 1366 1140 1431 vious
1160 1383 1239 1449 quae
1260 1383 1322 1430 non
1337 1366 1456 1431 saltem

260 1481 373 1545 paucos
395 1471 560 1549 emitteret,
597 1474 734 1560 episcopi
767 1494 838 1540 eum
860 1475 1005 1560 gregibus
1039 1493 1113 1542 suae
1148 1476 1312 1562 parochiae
1327 1474 1352 1556 ¹)
1384 1478 1451 1545 sibi

260 1575 412 1658 adunatis,
446 1580 539 1648 duces
562 1602 682 1667 quoque
703 1590 735 1652 et
757 1587 886 1652 oomites
918 1588 1032 1672 aliique
1053 1588 1206 1672 principes
1227 1607 1264 1654 aa
1287 1590 1455 1672 magnates

259 1686 375 1769 singuli
396 1709 467 1756 oum
490 1693 554 1758 suis
577 1697 688 1761 turmis
709 1696 899 1779 inuadebant,
923 1703 1021 1780 senta,
1044 1699 1163 1783 gladios
1187 1703 1218 1765 et
1240 1698 1350 1764 lorieas
1372 1697 1456 1763 alia·

259 1816 320 1880 que
341 1798 414 1866 belli
436 1821 510 1869 vasa
532 1825 638 1871 seeum
659 1808 847 1892 perferentes
870 1830 940 1876 eum
956 1812 1082 1896 eopiosa
1096 1810 1329 1897 praeparatione
1344 1829 1456 1894 sump-

259 1911 349 1975 tuum
370 1931 407 1979 ao
429 1915 706 2004 tabernaculorum,
740 1941 818 2005 quae
850 1923 998 2006 plaustris
1022 1925 1053 1986 et
1075 1922 1161 2006 equis
1183 1921 1352 1988 innumeris
1374 1919 1457 1987 aub-

258 2022 419 2091 vehebant.
465 2029 522 2094 Vir
544 2032 698 2098 terrestris
730 2036 779 2100 via
801 2034 894 2099 simul
916 2038 946 2099 et
968 2033 1071 2119 eampi
1085 2031 1238 2115 eontigui
1258 2051 1315 2117 per
1333 2035 1457 2098 terram

259 2135 446 2219 gradientes,
481 2141 528 2206 vix
560 2143 694 2211 Danubii
726 2145 872 2211 decursus
905 2148 1029 2212 navium
1061 2145 1276 2211 multitudines
1299 2142 1456 2227 capiebat.

259 2242 337 2308 'Pam
359 2248 441 2313 enirn
463 2255 529 2317 erat
561 2255 700 2322 infinitus
723 2258 872 2323 exereitus
896 2259 987 2341 quod,
1022 2276 1058 2324 ox
1079 2274 1140 2341 quo
1162 2258 1270 2341 gentes
1292 2274 1360 2321 esse
1381 2273 1455 2321 aoe-

257 2360 381 2439 perunt,
414 2379 584 2449 numquam
617 2369 737 2432 tantam
759 2367 929 2450 hominum,
967 2368 1107 2452 equitum
1128 2365 1223 2433 simul
1244 2352 1453 2452 adpetitum,

216 2556 222 2562 .
258 2469 489 2538 multitudinem
519 2475 550 2539 in
583 2496 680 2542 unum
702 2483 921 2564 congregatam
942 2480 1180 2546 aestimaverim.
1223 2478 1319 2545 Nulla
1340 2498 1454 2545 eorum

257 2581 493 2650 necessitatibus
517 2590 670 2655 venalium
692 2610 795 2656 rerum
818 2591 894 2672 fora,
918 2593 967 2658 vix
983 2593 1038 2658 ulli
1053 2592 1155 2675 eampi
1169 2591 1280 2657 eastris
1295 2591 1453 2656 metandis

258 2689 462 2764 sufficiebant.
484 2700 573 2768 Unde
594 2704 705 2788 vulgus
727 2703 950 2770 innumerabile
972 2705 1021 2770 oui
1042 2706 1182 2788 plaustra
1203 2708 1235 2769 et
1256 2704 1326 2789 equi
1347 2703 1454 2768 viatu-

257 2802 357 2870 atibus
378 2810 569 2891 perferendis
591 2814 718 2880 deerant
742 2834 804 2880 non
825 2821 899 2901 post
919 2818 1048 2901 longum
1069 2815 1152 2881 lame
1173 2813 1277 2899 eoepit
1296 2811 1453 2880 laborare.

258 2911 427 2985 Multitudo
459 2941 592 3008 namquo
625 2927 719 2991 etiam
752 2928 980 2993 rusticanorum
1013 2945 1049 2992 ae
1071 2944 1230 2992 servorum
1251 2925 1453 2990 dominorum

258 3046 387 3094 suorum
409 3033 524 3098 reliotis
555 3037 664 3102 aratris
685 3053 722 3101 ae
744 3038 878 3104 servitiis
906 3034 1121 3122 ignorantibus
1156 3055 1278 3120 quoque
1308 3037 1453 3101 nonnulli

257 3142 307 3206 vel
327 3143 432 3210 invitis
455 3148 597 3230 dominis,
619 3167 729 3234 parum
750 3156 806 3216 aut
826 3151 903 3216 nihil
922 3151 990 3216 auri
1011 3149 1060 3215 vel
1079 3149 1199 3232 argenti
1221 3146 1378 3226 habentes,
1401 3147 1452 3211 in-

258 3257 398 3322 eonsulto
430 3261 652 3343 expeditionem
684 3265 770 3330 illam
803 3264 1018 3349 longissimam
1050 3262 1254 3346 arripuerant,
1289 3262 1452 3343 sperantes

256 3366 289 3432 in
310 3370 376 3434 tam
398 3375 504 3438 saneto
527 3374 660 3457 negotio,
683 3375 764 3441 siout
784 3375 857 3441 olim
879 3375 1005 3458 antiquo
1027 3373 1073 3440 illi
1094 3371 1306 3438 Israelitarum
1328 3374 1449 3456 populo

257 3481 306 3547 vel
328 3483 452 3565 pluente
484 3486 616 3570 desuper
648 3487 733 3553 eoelo
766 3489 815 3553 vel
847 3487 1059 3569 undecumque
1092 3484 1220 3550 coelitus
1242 3501 1279 3549 ae
1300 3484 1452 3550 divinitus

257 3593 501 3661 administranda
533 3597 600 3662 fore
633 3597 789 3665 victualia.
833 3597 895 3662 Sed
925 3599 1017 3680 longe
1049 3596 1134 3662 aliud
1166 3615 1260 3680 quam
1281 3592 1454 3679 sperabant

259 3707 369 3772 evenit.
392 3706 546 3774 Maximae
567 3726 700 3793 namque
721 3709 923 3775 adversitates
946 3710 1076 3774 eundem
1099 3711 1266 3778 exereitum
1286 3707 1319 3771 in
1340 3706 1452 3773 eadem

258 3821 365 3884 saneta
386 3817 445 3898 via,
468 3823 504 3884 ut
525 3819 740 3901 aestimabant,
763 3821 1067 3906 comprehenderant.
1112 3821 1218 3887 Prima
1239 3838 1374 3904 namque
1395 3837 1452 3886 ea-

257 3931 435 3999 lamitatum
457 3929 595 4014 ejusdem
618 3933 767 3998 exereitus
802 3951 877 4017 quas
899 3934 998 3999 relatu
1021 3932 1130 4017 dignas
1152 3929 1349 4014 arbitramur,
1371 3931 1451 3997 haee

258 4041 327 4109 fuit.
365 4042 443 4110 cum
464 4043 497 4108 in
518 4041 631 4110 fluibus
654 4043 800 4111 Graeciae
833 4062 922 4109 seeus
954 4059 1039 4108 mare
1060 4045 1224 4127 pergerent
1245 4060 1307 4108 nna
1328 4042 1451 4108 dierum

258 4172 351 4237 super
371 4155 473 4240 ripam
494 4154 655 4238 eujusdam
686 4173 749 4222 non
777 4155 882 4240 magni
903 4155 1071 4220 admodum
1093 4151 1229 4220 fluminis
1249 4171 1335 4220 mare
1356 4151 1451 4218 intlu-

258 4263 338 4330 entis
371 4268 473 4331 eastra
494 4266 670 4332 locaverant
691 4287 762 4335 eum
784 4286 854 4333 eoee
874 4268 960 4333 nulla
981 4264 1084 4334 subito
1107 4266 1225 4350 pluvia,
1248 4283 1340 4352 quam
1362 4263 1452 4330 vide-

258 4428 506 4440 μψ-

359 4500 379 4573 5)
397 4502 453 4558 eod.
473 4499 626 4569 parrotlriee.
