3172 5202
733 745 843 813 cap.
862 743 979 800 LIV.

488 869 534 938 Ite
556 867 645 939 fastu
665 868 849 957 legatorum
870 867 1033 937 Romarm
1055 865 1222 935 ecclesiae.

352 1057 423 1125 Hoo
444 1077 555 1143 nempe
576 1060 733 1124 testantur
754 1060 786 1123 et
808 1056 904 1142 legati
932 1074 1040 1123 eorum
1064 1054 1124 1120 etsi
1145 1071 1207 1119 non
1229 1050 1332 1130 dictis,
1362 1047 1457 1116 sactis

252 1172 358 1236 tamen
383 1168 587 1236 evidentibus.
620 1168 746 1234 Etenim
771 1187 843 1235 enm
872 1168 957 1233 domi
989 1170 1152 1232 manentes
1186 1184 1220 1231 se
1254 1160 1456 1229 mediocriter

251 1281 426 1366 transigant
451 1279 621 1366 pennisque
642 1298 699 1363 pro
728 1278 886 1346 facultatis
913 1278 1005 1344 modo
1034 1277 1186 1344 ministris
1213 1274 1351 1342 contenti
1380 1271 1456 1351 sint,

187 1453 188 1458 ,
251 1410 324 1457 mor
344 1394 381 1456 ut
403 1391 513 1475 cuique
543 1391 654 1456 talium
681 1391 714 1456 in
745 1394 844 1456 terras
867 1393 1026 1456 extraneas
1048 1389 1164 1473 legatio
1186 1387 1325 1473 injuncta
1347 1384 1455 1464 fuerit,

252 1501 361 1568 statim
383 1502 510 1568 adscitis
533 1502 594 1568 sibi
614 1502 830 1586 undecumque
852 1501 992 1586 personis
1016 1503 1048 1566 et
1062 1499 1244 1583 conquisitis
1261 1493 1448 1582 equitaturis

251 1613 369 1679 curiam
395 1611 517 1679 ordinat
537 1612 615 1678 alios
644 1612 809 1696 dapiferos¹
843 1613 921 1678 alios
950 1613 1123 1698 pincernas,
1152 1610 1230 1676 alios
1253 1607 1453 1686 camerarios,

251 1723 462 1790 marschaleos
485 1724 670 1802 instituens3
703 1725 755 1808 qui
786 1726 862 1789 dum
890 1730 922 1789 et
944 1723 1004 1808 ipsi
1026 1722 1218 1789 necessarios
1242 1720 1302 1786 sibi
1325 1720 1455 1786 clientes

252 1839 284 1900 et
306 1854 411 1901 servos
434 1833 640 1900 subordinant
666 1835 703 1901 fit
725 1836 882 1918 equitatus
912 1854 974 1900 non
996 1834 1136 1899 modicus
1159 1832 1210 1899 vix
1232 1831 1355 1898 circiter
1378 1847 1457 1915 qua·

251 1947 396 2030 draginta
425 1948 481 2011 aut
507 1964 542 2009 eo
572 1946 707 2030 amplius
734 1946 821 2031 equis
852 1967 885 2012 se
911 1947 1090 2025 moderans,
1125 1947 1161 2010 ut
1196 1963 1234 2010 ne
1256 1943 1359 2009 dicam
1379 1959 1458 2027 pan·

251 2057 372 2141 periore
394 2056 444 2122 rel
463 2056 630 2123 mediocria
653 2057 800 2123 coenobia
827 2058 881 2123 sed
909 2076 947 2123 ne
974 2057 1197 2141 praedivitia1)
1232 2054 1368 2142 quidem,
1403 2052 1455 2116 vix

251 2171 358 2234 autem
380 2168 515 2252 episcopi
538 2172 570 2233 et
590 2168 747 2253 principes
769 2188 877 2235 eorum
897 2170 1091 2236 multitudini
1112 2172 1152 2236 ad
1173 2172 1367 2237 voluntatem
1390 2188 1458 2236 ser-

251 2280 316 2345 vire
331 2279 497 2345 sufficiant
517 2279 610 2363 Quod
633 2279 660 2344 si
682 2280 786 2346 minus
809 2283 893 2347 laute
916 2282 947 2348 et
969 2286 1113 2349 accurate
1135 2287 1167 2348 et
1188 2301 1251 2349 non
1273 2280 1456 2368 peremnia

195 2383 196 2388 ’
252 2391 291 2455 ad
313 2391 468 2476 placitum
490 2391 533 2455 eis
557 2391 707 2457 servitum
729 2392 833 2472 fuerit,
857 2413 914 2478 pro
927 2395 1050 2460 modico
1073 2393 1205 2474 defectu,
1229 2393 1310 2460 forte
1324 2391 1456 2459 luminis

251 2503 307 2567 aut
328 2519 468 2566 annonae
491 2519 642 2585 equorum
664 2501 767 2567 minus
790 2503 980 2569 sufficienter
1001 2505 1041 2570 ad
1065 2524 1173 2571 eornm
1194 2505 1348 2590 placitum
1362 2505 1458 2570 mini·

252 2615 432 2692 stratorum,
462 2631 612 2698 persaepe
634 2617 755 2699 patrem
779 2615 920 2681 coenobii
943 2617 1051 2681 autin
1074 2617 1186 2682 ultimo
1210 2618 1277 2682 loco
1301 2617 1458 2680 collocant

251 2726 307 2789 aut
322 2724 625 2790 administrationem
641 2727 669 2789 ei
684 2727 843 2811 regiminis
859 2728 1057 2808 interdicunt,
1074 2727 1171 2792 donec
1186 2726 1345 2792 modicum
1359 2726 1458 2792 detri-

252 2837 394 2900 mentum
416 2836 465 2901 vel
487 2836 643 2902 defectum
665 2840 800 2920 pondere
822 2840 1029 2922 centuplicato
1059 2841 1273 2923 recompenset
1296 2837 1404 2922 sicque
1420 2837 1456 2903 in

251 2945 387 3030 gratiam
402 2947 615 3033 reuertatur.²)
638 2950 727 3033 Quod
750 2948 777 3014 si
800 2949 843 3014 eis
866 2968 987 3014 moram
1008 2950 1040 3015 in
1053 2950 1158 3035 aliqua
1174 2950 1337 3015 civitatum
1351 2949 1457 3016 facere

252 3056 428 3141 contigerit,
451 3059 527 3123 dum
549 3059 690 3143 proxima
712 3063 744 3124 et
765 3060 884 3126 civitati
905 3060 1079 3145 adjacentia
1123 3062 1260 3128 claustra
1280 3061 1362 3128 datis
1388 3079 1457 3127 ser·

250 3167 335 3233 uitiis
355 3168 504 3234 exhausta
525 3168 650 3251 fuerint,
673 3189 727 3255 per
750 3171 877 3237 nuntios
899 3171 1067 3237 remotiora
1089 3172 1237 3250 invisunt,
1268 3173 1314 3238 ita
1335 3175 1372 3239 ut
1394 3172 1458 3237 eir-

251 3278 459 3363 cumjacentes
481 3300 606 3366 quoque
629 3282 825 3367 episcopatus
847 3301 904 3348 nec
926 3284 1029 3348 solum
1051 3283 1261 3349 conterminos
1281 3283 1336 3348 sed
1358 3281 1456 3348 etiam

251 3391 432 3457 remotiores
456 3409 626 3476 eorumque
654 3393 803 3461 coenobia
830 3413 928 3478 usque
949 3413 1004 3477 per
1027 3396 1098 3460 octo
1121 3395 1220 3460 dietas
1243 3393 1369 3458 visitare
1391 3411 1455 3459 non

251 3503 450 3590 pigritentur,
473 3502 535 3589 ipsi
559 3522 683 3588 quoque
706 3504 901 3570 visitationes
923 3508 1050 3571 mutuas
1073 3505 1290 3590 episcopcrum
1312 3506 1344 3570 et
1358 3501 1457 3569 abba·

251 3618 320 3681 tum
353 3634 409 3700 per
442 3631 476 3679 se
508 3614 592 3697 ipsos
628 3618 676 3683 vet
705 3636 760 3704 per
788 3617 914 3682 nuntios
944 3617 1100 3702 exigentes
1129 3619 1184 3682 aut
1211 3617 1238 3682 si
1267 3615 1369 3682 tactae
1390 3633 1456 3682 non

251 3723 368 3791 fuerint
394 3745 465 3793 cum
496 3728 580 3794 omni
608 3728 795 3794 auctoritate
823 3732 855 3793 et
880 3728 1009 3812 imperio
1032 3730 1200 3815 arguentes
1221 3731 1254 3793 et
1275 3728 1309 3792 in
1330 3728 1453 3812 aliquos

252 3835 426 3904 officiorum
450 3839 651 3923 suspensione
672 3859 770 3925 usque
792 3840 832 3906 ad
854 3839 1100 3906 satisfactionem
1123 3839 1325 3906 vindicantes.
1338 3836 1452 3905 Omnia

251 3946 328 4012 haec
350 3949 448 4016 oculis
470 3951 589 4017 nostris
611 3952 827 4037 perspeximus
850 3955 882 4017 et
903 3950 1030 4017 auribus
1058 3951 1233 4018 audivimus
1257 3953 1289 4016 et
1310 3949 1455 4035 regiones

251 4060 376 4125 nostrae
403 4079 567 4145 perpessae
598 4066 672 4130 sunt
697 4065 735 4128 de
763 4060 858 4128 verbe
886 4063 987 4128 fastus
1014 4066 1046 4128 et
1067 4063 1217 4132 avaritiae
1238 4061 1455 4128 Romanorum

252 4170 428 4255 legatemm
453 4173 593 4239 euntium
616 4177 648 4240 ot
669 4174 866 4241 redeuntium
888 4176 937 4241 vel
959 4192 1063 4241 moras
1086 4173 1257 4259 agentium.

254 4314 502 4330 —ss-—Q

356 4387 376 4456 ¹)
394 4388 450 4441 cod.
471 4389 613 4455 praedicis.

354 4485 374 4556 ²)
393 4486 428 4543 ei.
449 4487 482 4542 de
500 4493 584 4556 quart.
605 4491 656 4554 vig.
675 4494 741 4544 noct.
761 4503 815 4544 nro.
835 4488 879 4543 12.
