<?xml version="1.0" encoding="UTF-8"?>
<!DOCTYPE html PUBLIC "-//W3C//DTD XHTML 1.0 Transitional//EN"
    "http://www.w3.org/TR/xhtml1/DTD/xhtml1-transitional.dtd">
<html xmlns="http://www.w3.org/1999/xhtml" xml:lang="en" lang="en">
 <head>
  <title>
</title>
<meta http-equiv="Content-Type" content="text/html;charset=utf-8" />
  <meta name='ocr-system' content='tesseract 3.04.00' />
  <meta name='ocr-capabilities' content='ocr_page ocr_carea ocr_par ocr_line ocrx_word'/>
</head>
<body>
  <div class='ocr_page' id='page_1' title='image "./operahactenusin00schegoog_0261.png"; bbox 0 0 3168 5190; ppageno 0'>
   <div class='ocr_carea' id='block_1_1' title="bbox 225 429 288 494">
    <p class='ocr_par' dir='ltr' id='par_1_1' title="bbox 225 429 288 494">
     <span class='ocr_line' id='line_1_1' title="bbox 225 429 288 494; baseline 0.016 -1"><span class='ocrx_word' id='word_1_1' title='bbox 225 429 288 494; x_wconf 82' lang='lat'>246</span> 
     </span>
    </p>
   </div>
   <div class='ocr_carea' id='block_1_2' title="bbox 220 593 1444 2808">
    <p class='ocr_par' dir='ltr' id='par_1_2' title="bbox 220 593 1444 2808">
     <span class='ocr_line' id='line_1_2' title="bbox 220 593 1434 687; baseline -0.007 -19"><span class='ocrx_word' id='word_1_2' title='bbox 220 603 340 687; x_wconf 81' lang='lat' dir='ltr'>jugatis</span> <span class='ocrx_word' id='word_1_3' title='bbox 364 618 486 686; x_wconf 89' lang='lat' dir='ltr'>quoquc</span> <span class='ocrx_word' id='word_1_4' title='bbox 509 615 634 664; x_wconf 90' lang='lat' dir='ltr'>caruem</span> <span class='ocrx_word' id='word_1_5' title='bbox 656 614 745 664; x_wconf 87' lang='lat' dir='ltr'>suam</span> <span class='ocrx_word' id='word_1_6' title='bbox 767 615 785 664; x_wconf 92' lang='lat' dir='ltr'>a</span> <span class='ocrx_word' id='word_1_7' title='bbox 806 598 946 663; x_wconf 77' lang='lat' dir='ltr'>luxuriae</span> <span class='ocrx_word' id='word_1_8' title='bbox 967 599 1079 681; x_wconf 85' lang='lat' dir='ltr'>putore</span> <span class='ocrx_word' id='word_1_9' title='bbox 1101 593 1295 663; x_wconf 78' lang='lat' dir='ltr'>frenantibus</span> <span class='ocrx_word' id='word_1_10' title='bbox 1318 612 1434 661; x_wconf 90' lang='lat' dir='ltr'>aurum</span> 
     </span>
     <span class='ocr_line' id='line_1_3' title="bbox 225 707 1436 798; baseline -0.005 -18"><span class='ocrx_word' id='word_1_11' title='bbox 225 715 299 780; x_wconf 84' lang='lat' dir='ltr'>thus</span> <span class='ocrx_word' id='word_1_12' title='bbox 322 716 354 779; x_wconf 93' lang='lat' dir='ltr'>et</span> <span class='ocrx_word' id='word_1_13' title='bbox 374 710 534 798; x_wconf 84' lang='lat' dir='ltr'>myrrham</span> <span class='ocrx_word' id='word_1_14' title='bbox 557 709 682 778; x_wconf 81' lang='lat' dir='ltr'>christo</span> <span class='ocrx_word' id='word_1_15' title='bbox 704 711 771 796; x_wconf 85' lang='lat' dir='ltr'>regi</span> <span class='ocrx_word' id='word_1_16' title='bbox 793 710 860 776; x_wconf 90' lang='lat' dir='ltr'>Dco</span> <span class='ocrx_word' id='word_1_17' title='bbox 880 713 912 774; x_wconf 89' lang='lat' dir='ltr'>et</span> <span class='ocrx_word' id='word_1_18' title='bbox 933 709 1052 775; x_wconf 92' lang='lat' dir='ltr'>homiui</span> <span class='ocrx_word' id='word_1_19' title='bbox 1082 707 1258 776; x_wconf 86' lang='lat' dir='ltr'>sacrificare</span> <span class='ocrx_word' id='word_1_20' title='bbox 1279 727 1342 774; x_wconf 92' lang='lat' dir='ltr'>non</span> <span class='ocrx_word' id='word_1_21' title='bbox 1366 728 1436 776; x_wconf 88' lang='lat' dir='ltr'>ces-</span> 
     </span>
     <span class='ocr_line' id='line_1_4' title="bbox 227 821 1438 905; baseline -0.007 -12"><span class='ocrx_word' id='word_1_22' title='bbox 227 831 277 894; x_wconf 85' lang='lat' dir='ltr'>sat</span> <span class='ocrx_word' id='word_1_23' title='bbox 299 826 354 892; x_wconf 87' lang='lat' dir='ltr'>sed</span> <span class='ocrx_word' id='word_1_24' title='bbox 376 830 408 891; x_wconf 91' lang='lat' dir='ltr'>et</span> <span class='ocrx_word' id='word_1_25' title='bbox 430 823 573 891; x_wconf 87' lang='lat' dir='ltr'>coelestis</span> <span class='ocrx_word' id='word_1_26' title='bbox 605 822 779 890; x_wconf 79' lang='lat' dir='ltr'><strong>hierarchia</strong></span> <span class='ocrx_word' id='word_1_27' title='bbox 812 840 935 889; x_wconf 90' lang='lat' dir='ltr'>summe</span> <span class='ocrx_word' id='word_1_28' title='bbox 956 821 1094 901; x_wconf 87' lang='lat' dir='ltr'>humilis,</span> <span class='ocrx_word' id='word_1_29' title='bbox 1129 822 1250 905; x_wconf 89' lang='lat' dir='ltr'>sapiens</span> <span class='ocrx_word' id='word_1_30' title='bbox 1270 821 1303 884; x_wconf 87' lang='lat' dir='ltr'>et</span> <span class='ocrx_word' id='word_1_31' title='bbox 1324 821 1438 886; x_wconf 88' lang='lat' dir='ltr'>sancta</span> 
     </span>
     <span class='ocr_line' id='line_1_5' title="bbox 226 933 1436 1021; baseline -0.004 -18"><span class='ocrx_word' id='word_1_32' title='bbox 226 937 394 1003; x_wconf 90' lang='lat' dir='ltr'>humilium</span> <span class='ocrx_word' id='word_1_33' title='bbox 416 954 539 1020; x_wconf 90' lang='lat' dir='ltr'>quoquc</span> <span class='ocrx_word' id='word_1_34' title='bbox 560 935 724 1001; x_wconf 93' lang='lat' dir='ltr'>hominum</span> <span class='ocrx_word' id='word_1_35' title='bbox 753 935 931 1021; x_wconf 87' lang='lat' dir='ltr'>sapientum</span> <span class='ocrx_word' id='word_1_36' title='bbox 953 937 986 998; x_wconf 88' lang='lat' dir='ltr'>et</span> <span class='ocrx_word' id='word_1_37' title='bbox 1008 937 1190 998; x_wconf 87' lang='lat' dir='ltr'>sanctorum</span> <span class='ocrx_word' id='word_1_38' title='bbox 1212 933 1313 998; x_wconf 87' lang='lat' dir='ltr'>amica</span> <span class='ocrx_word' id='word_1_39' title='bbox 1338 934 1436 998; x_wconf 86' lang='lat' dir='ltr'>etiam</span> 
     </span>
     <span class='ocr_line' id='line_1_6' title="bbox 225 1042 1436 1134; baseline -0.007 -19"><span class='ocrx_word' id='word_1_40' title='bbox 225 1051 293 1134; x_wconf 89' lang='lat' dir='ltr'>ipsa</span> <span class='ocrx_word' id='word_1_41' title='bbox 314 1068 370 1134; x_wconf 94' lang='lat' dir='ltr'>pro</span> <span class='ocrx_word' id='word_1_42' title='bbox 394 1066 521 1114; x_wconf 86' lang='lat' dir='ltr'>suarum</span> <span class='ocrx_word' id='word_1_43' title='bbox 542 1047 729 1113; x_wconf 79' lang='lat' dir='ltr'>facultatum</span> <span class='ocrx_word' id='word_1_44' title='bbox 751 1046 905 1112; x_wconf 82' lang='lat' dir='ltr'>thesauris</span> <span class='ocrx_word' id='word_1_45' title='bbox 928 1047 1064 1111; x_wconf 92' lang='lat' dir='ltr'>multum</span> <span class='ocrx_word' id='word_1_46' title='bbox 1085 1047 1151 1130; x_wconf 83' lang='lat' dir='ltr'>regi</span> <span class='ocrx_word' id='word_1_47' title='bbox 1168 1043 1237 1108; x_wconf 89' lang='lat' dir='ltr'>Deo</span> <span class='ocrx_word' id='word_1_48' title='bbox 1260 1046 1292 1107; x_wconf 87' lang='lat' dir='ltr'>et</span> <span class='ocrx_word' id='word_1_49' title='bbox 1313 1042 1436 1108; x_wconf 92' lang='lat' dir='ltr'>homini</span> 
     </span>
     <span class='ocr_line' id='line_1_7' title="bbox 226 1155 1437 1242; baseline -0.005 -16"><span class='ocrx_word' id='word_1_50' title='bbox 226 1177 347 1239; x_wconf 84' lang='lat' dir='ltr'>aurum,</span> <span class='ocrx_word' id='word_1_51' title='bbox 371 1159 444 1224; x_wconf 92' lang='lat' dir='ltr'>thus</span> <span class='ocrx_word' id='word_1_52' title='bbox 467 1162 499 1224; x_wconf 89' lang='lat' dir='ltr'>et</span> <span class='ocrx_word' id='word_1_53' title='bbox 520 1158 678 1242; x_wconf 77' lang='lat' dir='ltr'>myrrham</span> <span class='ocrx_word' id='word_1_54' title='bbox 702 1157 875 1224; x_wconf 88' lang='lat' dir='ltr'>sacrificare</span> <span class='ocrx_word' id='word_1_55' title='bbox 897 1175 959 1223; x_wconf 95' lang='lat' dir='ltr'>nou</span> <span class='ocrx_word' id='word_1_56' title='bbox 982 1157 1105 1224; x_wconf 86' lang='lat' dir='ltr'>desinit.</span> <span class='ocrx_word' id='word_1_57' title='bbox 1151 1158 1191 1222; x_wconf 84' lang='lat' dir='ltr'>ltt</span> <span class='ocrx_word' id='word_1_58' title='bbox 1213 1159 1278 1223; x_wconf 88' lang='lat' dir='ltr'>tros</span> <span class='ocrx_word' id='word_1_59' title='bbox 1304 1155 1437 1222; x_wconf 89' lang='lat' dir='ltr'>suntin</span> 
     </span>
     <span class='ocr_line' id='line_1_8' title="bbox 229 1267 1438 1354; baseline -0.002 -18"><span class='ocrx_word' id='word_1_60' title='bbox 229 1273 314 1337; x_wconf 92' lang='lat' dir='ltr'>coelo</span> <span class='ocrx_word' id='word_1_61' title='bbox 337 1271 440 1349; x_wconf 79' lang='lat' dir='ltr'>Pater,</span> <span class='ocrx_word' id='word_1_62' title='bbox 463 1268 603 1336; x_wconf 87' lang='lat' dir='ltr'>Verbum</span> <span class='ocrx_word' id='word_1_63' title='bbox 625 1273 657 1335; x_wconf 88' lang='lat' dir='ltr'>et</span> <span class='ocrx_word' id='word_1_64' title='bbox 679 1269 824 1354; x_wconf 85' lang='lat' dir='ltr'>Spiritus,</span> <span class='ocrx_word' id='word_1_65' title='bbox 859 1271 912 1353; x_wconf 92' lang='lat' dir='ltr'>qui</span> <span class='ocrx_word' id='word_1_66' title='bbox 933 1269 1150 1336; x_wconf 87' lang='lat' dir='ltr'>testimonium</span> <span class='ocrx_word' id='word_1_67' title='bbox 1172 1267 1274 1334; x_wconf 86' lang='lat' dir='ltr'>tribus</span> <span class='ocrx_word' id='word_1_68' title='bbox 1296 1268 1361 1334; x_wconf 89' lang='lat' dir='ltr'>illis</span> <span class='ocrx_word' id='word_1_69' title='bbox 1382 1288 1438 1334; x_wconf 95' lang='lat' dir='ltr'>or·</span> 
     </span>
     <span class='ocr_line' id='line_1_9' title="bbox 227 1379 1439 1466; baseline -0.001 -19"><span class='ocrx_word' id='word_1_70' title='bbox 227 1381 351 1448; x_wconf 88' lang='lat' dir='ltr'>dinibus</span> <span class='ocrx_word' id='word_1_71' title='bbox 373 1380 536 1466; x_wconf 87' lang='lat' dir='ltr'>perhibent</span> <span class='ocrx_word' id='word_1_72' title='bbox 558 1383 643 1466; x_wconf 90' lang='lat' dir='ltr'>qnod</span> <span class='ocrx_word' id='word_1_73' title='bbox 664 1399 804 1447; x_wconf 90' lang='lat' dir='ltr'>summae</span> <span class='ocrx_word' id='word_1_74' title='bbox 827 1380 995 1465; x_wconf 80' lang='lat' dir='ltr'>maj0stati‚</span> <span class='ocrx_word' id='word_1_75' title='bbox 1020 1380 1191 1466; x_wconf 86' lang='lat' dir='ltr'>sapientiae</span> <span class='ocrx_word' id='word_1_76' title='bbox 1214 1397 1251 1446; x_wconf 89' lang='lat' dir='ltr'>ac</span> <span class='ocrx_word' id='word_1_77' title='bbox 1274 1379 1439 1446; x_wconf 87' lang='lat' dir='ltr'>sanctitati</span> 
     </span>
     <span class='ocr_line' id='line_1_10' title="bbox 228 1490 1440 1579; baseline -0.002 -21"><span class='ocrx_word' id='word_1_78' title='bbox 228 1512 283 1576; x_wconf 90' lang='lat' dir='ltr'>per</span> <span class='ocrx_word' id='word_1_79' title='bbox 304 1493 500 1573; x_wconf 70' lang='lat' dir='ltr'>humilitatis</span> <span class='ocrx_word' id='word_1_80' title='bbox 523 1493 694 1579; x_wconf 88' lang='lat' dir='ltr'>sapientiae</span> <span class='ocrx_word' id='word_1_81' title='bbox 716 1510 752 1558; x_wconf 86' lang='lat' dir='ltr'>ac</span> <span class='ocrx_word' id='word_1_82' title='bbox 774 1493 950 1559; x_wconf 87' lang='lat' dir='ltr'>sanctitatis</span> <span class='ocrx_word' id='word_1_83' title='bbox 973 1494 1112 1559; x_wconf 88' lang='lat' dir='ltr'>studium</span> <span class='ocrx_word' id='word_1_84' title='bbox 1133 1492 1268 1558; x_wconf 82' lang='lat' dir='ltr'>fideliter</span> <span class='ocrx_word' id='word_1_85' title='bbox 1291 1490 1440 1556; x_wconf 85' lang='lat' dir='ltr'>adhaere-</span> 
     </span>
     <span class='ocr_line' id='line_1_11' title="bbox 228 1603 1441 1691; baseline -0.002 -21"><span class='ocrx_word' id='word_1_86' title='bbox 228 1608 284 1670; x_wconf 89' lang='lat' dir='ltr'>ant</span> <span class='ocrx_word' id='word_1_87' title='bbox 299 1624 370 1671; x_wconf 93' lang='lat' dir='ltr'>oum</span> <span class='ocrx_word' id='word_1_88' title='bbox 386 1607 451 1672; x_wconf 91' lang='lat' dir='ltr'>Deo</span> <span class='ocrx_word' id='word_1_89' title='bbox 474 1604 604 1691; x_wconf 88' lang='lat' dir='ltr'>spiritus</span> <span class='ocrx_word' id='word_1_90' title='bbox 627 1606 700 1671; x_wconf 89' lang='lat' dir='ltr'>sint.</span> <span class='ocrx_word' id='word_1_91' title='bbox 723 1603 787 1673; x_wconf 83' lang='lat' dir='ltr'>Sed</span> <span class='ocrx_word' id='word_1_92' title='bbox 809 1608 842 1671; x_wconf 90' lang='lat' dir='ltr'>et</span> <span class='ocrx_word' id='word_1_93' title='bbox 862 1608 926 1670; x_wconf 89' lang='lat' dir='ltr'>tres</span> <span class='ocrx_word' id='word_1_94' title='bbox 950 1608 1024 1671; x_wconf 91' lang='lat' dir='ltr'>suut</span> <span class='ocrx_word' id='word_1_95' title='bbox 1046 1606 1099 1690; x_wconf 84' lang='lat' dir='ltr'>qui</span> <span class='ocrx_word' id='word_1_96' title='bbox 1121 1605 1339 1672; x_wconf 88' lang='lat' dir='ltr'>testimonium</span> <span class='ocrx_word' id='word_1_97' title='bbox 1361 1603 1441 1669; x_wconf 90' lang='lat' dir='ltr'>dant</span> 
     </span>
     <span class='ocr_line' id='line_1_12' title="bbox 228 1716 1438 1804; baseline 0.002 -23"><span class='ocrx_word' id='word_1_98' title='bbox 228 1718 261 1781; x_wconf 93' lang='lat' dir='ltr'>in</span> <span class='ocrx_word' id='word_1_99' title='bbox 283 1717 532 1784; x_wconf 76' lang='lat' dir='ltr'>turrachristus</span> <span class='ocrx_word' id='word_1_100' title='bbox 555 1717 699 1784; x_wconf 82' lang='lat' dir='ltr'>videlicet</span> <span class='ocrx_word' id='word_1_101' title='bbox 720 1719 780 1797; x_wconf 86' lang='lat' dir='ltr'>ria,</span> <span class='ocrx_word' id='word_1_102' title='bbox 803 1719 918 1784; x_wconf 75' lang='lat' dir='ltr'>varitm</span> <span class='ocrx_word' id='word_1_103' title='bbox 935 1718 1057 1798; x_wconf 87' lang='lat' dir='ltr'>atrita,</span> <span class='ocrx_word' id='word_1_104' title='bbox 1083 1719 1135 1803; x_wconf 84' lang='lat' dir='ltr'>qui</span> <span class='ocrx_word' id='word_1_105' title='bbox 1155 1716 1268 1800; x_wconf 86' lang='lat' dir='ltr'>sobrie,</span> <span class='ocrx_word' id='word_1_106' title='bbox 1288 1717 1376 1804; x_wconf 86' lang='lat' dir='ltr'>juste</span> <span class='ocrx_word' id='word_1_107' title='bbox 1397 1735 1438 1784; x_wconf 89' lang='lat' dir='ltr'>ac</span> 
     </span>
     <span class='ocr_line' id='line_1_13' title="bbox 228 1827 1440 1915; baseline 0.003 -23"><span class='ocrx_word' id='word_1_108' title='bbox 228 1829 280 1914; x_wconf 91' lang='lat' dir='ltr'>pie</span> <span class='ocrx_word' id='word_1_109' title='bbox 301 1828 441 1894; x_wconf 83' lang='lat' dir='ltr'>virentes</span> <span class='ocrx_word' id='word_1_110' title='bbox 475 1829 594 1895; x_wconf 86' lang='lat' dir='ltr'>censuri</span> <span class='ocrx_word' id='word_1_111' title='bbox 626 1827 759 1895; x_wconf 84' lang='lat' dir='ltr'>debeant</span> <span class='ocrx_word' id='word_1_112' title='bbox 779 1830 813 1895; x_wconf 94' lang='lat' dir='ltr'>iu</span> <span class='ocrx_word' id='word_1_113' title='bbox 834 1828 1043 1896; x_wconf 85' lang='lat' dir='ltr'>ecclesiastica</span> <span class='ocrx_word' id='word_1_114' title='bbox 1064 1828 1256 1910; x_wconf 76' lang='lat' dir='ltr'>hierarchia,</span> <span class='ocrx_word' id='word_1_115' title='bbox 1290 1831 1440 1915; x_wconf 86' lang='lat' dir='ltr'>apostolo</span> 
     </span>
     <span class='ocr_line' id='line_1_14' title="bbox 232 1939 1442 2026; baseline 0.002 -22"><span class='ocrx_word' id='word_1_116' title='bbox 232 1957 353 2023; x_wconf 90' lang='lat' dir='ltr'>quoque</span> <span class='ocrx_word' id='word_1_117' title='bbox 388 1939 531 2008; x_wconf 89' lang='lat' dir='ltr'>Johanne</span> <span class='ocrx_word' id='word_1_118' title='bbox 565 1939 743 2006; x_wconf 86' lang='lat' dir='ltr'>affirmante</span> <span class='ocrx_word' id='word_1_119' title='bbox 776 1941 916 2026; x_wconf 86' lang='lat' dir='ltr'>spiritus,</span> <span class='ocrx_word' id='word_1_120' title='bbox 950 1958 1031 2026; x_wconf 89' lang='lat' dir='ltr'>aqua</span> <span class='ocrx_word' id='word_1_121' title='bbox 1063 1945 1095 2006; x_wconf 88' lang='lat' dir='ltr'>et</span> <span class='ocrx_word' id='word_1_122' title='bbox 1127 1939 1255 2026; x_wconf 83' lang='lat' dir='ltr'>sanguis</span> <span class='ocrx_word' id='word_1_123' title='bbox 1287 1941 1321 2006; x_wconf 93' lang='lat' dir='ltr'>in</span> <span class='ocrx_word' id='word_1_124' title='bbox 1353 1941 1442 2008; x_wconf 88' lang='lat' dir='ltr'>idam</span> 
     </span>
     <span class='ocr_line' id='line_1_15' title="bbox 231 2050 1440 2137; baseline 0.002 -23"><span class='ocrx_word' id='word_1_125' title='bbox 231 2050 447 2116; x_wconf 89' lang='lat' dir='ltr'>testimonium</span> <span class='ocrx_word' id='word_1_126' title='bbox 468 2050 684 2136; x_wconf 90' lang='lat' dir='ltr'>principaliter</span> <span class='ocrx_word' id='word_1_127' title='bbox 707 2055 884 2136; x_wconf 85' lang='lat' dir='ltr'>operantur,</span> <span class='ocrx_word' id='word_1_128' title='bbox 909 2051 1041 2137; x_wconf 86' lang='lat' dir='ltr'>spiritus</span> <span class='ocrx_word' id='word_1_129' title='bbox 1056 2051 1200 2118; x_wconf 84' lang='lat' dir='ltr'>videlicet</span> <span class='ocrx_word' id='word_1_130' title='bbox 1214 2052 1342 2119; x_wconf 88' lang='lat' dir='ltr'>Domini</span> <span class='ocrx_word' id='word_1_131' title='bbox 1358 2051 1440 2119; x_wconf 89' lang='lat' dir='ltr'>Josu</span> 
     </span>
     <span class='ocr_line' id='line_1_16' title="bbox 230 2162 1441 2249; baseline 0.001 -23"><span class='ocrx_word' id='word_1_132' title='bbox 230 2163 263 2226; x_wconf 93' lang='lat' dir='ltr'>in</span> <span class='ocrx_word' id='word_1_133' title='bbox 284 2180 395 2227; x_wconf 85' lang='lat' dir='ltr'>manus</span> <span class='ocrx_word' id='word_1_134' title='bbox 417 2162 521 2227; x_wconf 89' lang='lat' dir='ltr'>Patris</span> <span class='ocrx_word' id='word_1_135' title='bbox 545 2163 746 2228; x_wconf 79' lang='lat' dir='ltr'>comendatus</span> <span class='ocrx_word' id='word_1_136' title='bbox 780 2180 861 2247; x_wconf 88' lang='lat' dir='ltr'>aqua</span> <span class='ocrx_word' id='word_1_137' title='bbox 884 2164 1034 2229; x_wconf 83' lang='lat' dir='ltr'>etiamst</span> <span class='ocrx_word' id='word_1_138' title='bbox 1057 2165 1194 2249; x_wconf 85' lang='lat' dir='ltr'>sanguis,</span> <span class='ocrx_word' id='word_1_139' title='bbox 1220 2181 1298 2248; x_wconf 91' lang='lat' dir='ltr'>quae</span> <span class='ocrx_word' id='word_1_140' title='bbox 1319 2180 1384 2228; x_wconf 89' lang='lat' dir='ltr'>una</span> <span class='ocrx_word' id='word_1_141' title='bbox 1400 2163 1441 2228; x_wconf 90' lang='lat' dir='ltr'>da</span> 
     </span>
     <span class='ocr_line' id='line_1_17' title="bbox 230 2272 1441 2360; baseline 0.003 -23"><span class='ocrx_word' id='word_1_142' title='bbox 230 2272 327 2338; x_wconf 88' lang='lat' dir='ltr'>latere</span> <span class='ocrx_word' id='word_1_143' title='bbox 360 2272 427 2357; x_wconf 89' lang='lat' dir='ltr'>ejus</span> <span class='ocrx_word' id='word_1_144' title='bbox 459 2274 599 2340; x_wconf 85' lang='lat' dir='ltr'>lanceato</span> <span class='ocrx_word' id='word_1_145' title='bbox 632 2273 855 2358; x_wconf 83' lang='lat' dir='ltr'>profluxerunt,</span> <span class='ocrx_word' id='word_1_146' title='bbox 888 2278 925 2341; x_wconf 91' lang='lat' dir='ltr'>ut</span> <span class='ocrx_word' id='word_1_147' title='bbox 957 2275 1020 2342; x_wconf 91' lang='lat' dir='ltr'>nisi</span> <span class='ocrx_word' id='word_1_148' title='bbox 1053 2277 1123 2360; x_wconf 88' lang='lat' dir='ltr'>quis</span> <span class='ocrx_word' id='word_1_149' title='bbox 1157 2275 1242 2342; x_wconf 89' lang='lat' dir='ltr'>dicat</span> <span class='ocrx_word' id='word_1_150' title='bbox 1263 2275 1295 2340; x_wconf 92' lang='lat' dir='ltr'>iu</span> <span class='ocrx_word' id='word_1_151' title='bbox 1316 2273 1441 2359; x_wconf 83' lang='lat' dir='ltr'>Spiritu</span> 
     </span>
     <span class='ocr_line' id='line_1_18' title="bbox 232 2384 1443 2471; baseline 0.001 -21"><span class='ocrx_word' id='word_1_152' title='bbox 232 2387 340 2450; x_wconf 88' lang='lat' dir='ltr'>sancto</span> <span class='ocrx_word' id='word_1_153' title='bbox 362 2384 533 2450; x_wconf 91' lang='lat' dir='ltr'>Dominum</span> <span class='ocrx_word' id='word_1_154' title='bbox 553 2386 674 2466; x_wconf 80' lang='lat' dir='ltr'>lesum,</span> <span class='ocrx_word' id='word_1_155' title='bbox 713 2385 774 2451; x_wconf 86' lang='lat' dir='ltr'>nisi</span> <span class='ocrx_word' id='word_1_156' title='bbox 795 2403 876 2471; x_wconf 90' lang='lat' dir='ltr'>aqua</span> <span class='ocrx_word' id='word_1_157' title='bbox 898 2386 1007 2452; x_wconf 87' lang='lat' dir='ltr'>eadem</span> <span class='ocrx_word' id='word_1_158' title='bbox 1028 2386 1061 2452; x_wconf 96' lang='lat' dir='ltr'>in</span> <span class='ocrx_word' id='word_1_159' title='bbox 1082 2385 1297 2453; x_wconf 86' lang='lat' dir='ltr'>remissionem</span> <span class='ocrx_word' id='word_1_160' title='bbox 1330 2401 1443 2469; x_wconf 86' lang='lat' dir='ltr'>pacca-</span> 
     </span>
     <span class='ocr_line' id='line_1_19' title="bbox 232 2495 1443 2584; baseline 0.002 -25"><span class='ocrx_word' id='word_1_161' title='bbox 232 2498 338 2560; x_wconf 89' lang='lat' dir='ltr'>tomm</span> <span class='ocrx_word' id='word_1_162' title='bbox 359 2495 454 2562; x_wconf 85' lang='lat' dir='ltr'>fuerit</span> <span class='ocrx_word' id='word_1_163' title='bbox 475 2496 601 2563; x_wconf 86' lang='lat' dir='ltr'>ablutus</span> <span class='ocrx_word' id='word_1_164' title='bbox 617 2499 648 2562; x_wconf 85' lang='lat' dir='ltr'>eb</span> <span class='ocrx_word' id='word_1_165' title='bbox 663 2500 846 2584; x_wconf 85' lang='lat' dir='ltr'>sanguinem</span> <span class='ocrx_word' id='word_1_166' title='bbox 859 2499 893 2563; x_wconf 91' lang='lat' dir='ltr'>in</span> <span class='ocrx_word' id='word_1_167' title='bbox 911 2499 1048 2584; x_wconf 90' lang='lat' dir='ltr'>pretium</span> <span class='ocrx_word' id='word_1_168' title='bbox 1070 2497 1291 2584; x_wconf 83' lang='lat' dir='ltr'>redemptionis</span> <span class='ocrx_word' id='word_1_169' title='bbox 1313 2499 1443 2564; x_wconf 84' lang='lat' dir='ltr'>nostrae</span> 
     </span>
     <span class='ocr_line' id='line_1_20' title="bbox 232 2606 1444 2696; baseline -0.001 -23"><span class='ocrx_word' id='word_1_170' title='bbox 232 2606 339 2674; x_wconf 84' lang='lat' dir='ltr'>iusum</span> <span class='ocrx_word' id='word_1_171' title='bbox 362 2627 415 2675; x_wconf 93' lang='lat' dir='ltr'>ore</span> <span class='ocrx_word' id='word_1_172' title='bbox 436 2608 575 2676; x_wconf 88' lang='lat' dir='ltr'>hauserit</span> <span class='ocrx_word' id='word_1_173' title='bbox 599 2612 648 2677; x_wconf 85' lang='lat' dir='ltr'>vel</span> <span class='ocrx_word' id='word_1_174' title='bbox 669 2611 785 2695; x_wconf 90' lang='lat' dir='ltr'>primas</span> <span class='ocrx_word' id='word_1_175' title='bbox 809 2610 955 2676; x_wconf 85' lang='lat' dir='ltr'>ecclesiae</span> <span class='ocrx_word' id='word_1_176' title='bbox 977 2612 1083 2678; x_wconf 85' lang='lat' dir='ltr'>valvas</span> <span class='ocrx_word' id='word_1_177' title='bbox 1107 2609 1302 2696; x_wconf 82' lang='lat' dir='ltr'>specietenus</span> <span class='ocrx_word' id='word_1_178' title='bbox 1317 2607 1444 2693; x_wconf 84' lang='lat' dir='ltr'>ingredi</span> 
     </span>
     <span class='ocr_line' id='line_1_21' title="bbox 233 2719 1443 2808; baseline 0.002 -24"><span class='ocrx_word' id='word_1_179' title='bbox 233 2738 296 2784; x_wconf 93' lang='lat' dir='ltr'>uon</span> <span class='ocrx_word' id='word_1_180' title='bbox 317 2722 426 2804; x_wconf 87' lang='lat' dir='ltr'>possit.</span> <span class='ocrx_word' id='word_1_181' title='bbox 450 2720 487 2789; x_wconf 87' lang='lat' dir='ltr'>Si</span> <span class='ocrx_word' id='word_1_182' title='bbox 509 2740 581 2789; x_wconf 85' lang='lat' dir='ltr'>voro</span> <span class='ocrx_word' id='word_1_183' title='bbox 603 2721 714 2808; x_wconf 91' lang='lat' dir='ltr'>primis</span> <span class='ocrx_word' id='word_1_184' title='bbox 736 2721 785 2787; x_wconf 91' lang='lat' dir='ltr'>his</span> <span class='ocrx_word' id='word_1_185' title='bbox 808 2721 941 2788; x_wconf 89' lang='lat' dir='ltr'>testibus</span> <span class='ocrx_word' id='word_1_186' title='bbox 964 2721 1098 2790; x_wconf 85' lang='lat' dir='ltr'>fideliter</span> <span class='ocrx_word' id='word_1_187' title='bbox 1119 2726 1151 2788; x_wconf 92' lang='lat' dir='ltr'>et</span> <span class='ocrx_word' id='word_1_188' title='bbox 1166 2724 1347 2788; x_wconf 86' lang='lat' dir='ltr'>constanter</span> <span class='ocrx_word' id='word_1_189' title='bbox 1369 2719 1443 2804; x_wconf 86' lang='lat' dir='ltr'>quis</span> 
     </span>
    </p>
   </div>
   <div class='ocr_carea' id='block_1_3' title="bbox 234 2831 1583 2929">
    <p class='ocr_par' dir='ltr' id='par_1_3' title="bbox 234 2831 1583 2929">
     <span class='ocr_line' id='line_1_22' title="bbox 234 2831 1583 2929; baseline 0.001 -32"><span class='ocrx_word' id='word_1_190' title='bbox 234 2831 328 2898; x_wconf 86' lang='lat' dir='ltr'>luerit</span> <span class='ocrx_word' id='word_1_191' title='bbox 350 2832 476 2916; x_wconf 84' lang='lat' dir='ltr'>adjutus</span> <span class='ocrx_word' id='word_1_192' title='bbox 498 2832 591 2918; x_wconf 88' lang='lat' dir='ltr'>hujus</span> <span class='ocrx_word' id='word_1_193' title='bbox 614 2835 794 2901; x_wconf 85' lang='lat' dir='ltr'>testimonio</span> <span class='ocrx_word' id='word_1_194' title='bbox 819 2835 963 2903; x_wconf 79' lang='lat' dir='ltr'>Christus</span> <span class='ocrx_word' id='word_1_195' title='bbox 985 2836 1051 2914; x_wconf 84' lang='lat' dir='ltr'>via,</span> <span class='ocrx_word' id='word_1_196' title='bbox 1075 2836 1189 2902; x_wconf 72' lang='lat' dir='ltr'>veritm</span> <span class='ocrx_word' id='word_1_197' title='bbox 1205 2837 1238 2900; x_wconf 89' lang='lat' dir='ltr'>ot</span> <span class='ocrx_word' id='word_1_198' title='bbox 1252 2833 1318 2900; x_wconf 86' lang='lat' dir='ltr'>rita</span> <span class='ocrx_word' id='word_1_199' title='bbox 1332 2833 1444 2900; x_wconf 83' lang='lat' dir='ltr'>deesse</span> <span class='ocrx_word' id='word_1_200' title='bbox 1582 2917 1583 2929; x_wconf 9' lang='grc' dir='ltr'>ἵ</span> 
     </span>
    </p>
   </div>
   <div class='ocr_carea' id='block_1_4' title="bbox 234 2943 1444 3140">
    <p class='ocr_par' dir='ltr' id='par_1_4' title="bbox 234 2943 1444 3140">
     <span class='ocr_line' id='line_1_23' title="bbox 234 2943 1443 3028; baseline 0.002 -20"><span class='ocrx_word' id='word_1_201' title='bbox 234 2961 297 3008; x_wconf 92' lang='lat' dir='ltr'>non</span> <span class='ocrx_word' id='word_1_202' title='bbox 318 2943 450 3028; x_wconf 89' lang='lat' dir='ltr'>poterit,</span> <span class='ocrx_word' id='word_1_203' title='bbox 474 2960 547 3008; x_wconf 92' lang='lat' dir='ltr'>nam</span> <span class='ocrx_word' id='word_1_204' title='bbox 566 2947 664 3010; x_wconf 87' lang='lat' dir='ltr'>testes</span> <span class='ocrx_word' id='word_1_205' title='bbox 686 2944 751 3012; x_wconf 89' lang='lat' dir='ltr'>iere</span> <span class='ocrx_word' id='word_1_206' title='bbox 772 2945 867 3012; x_wconf 88' lang='lat' dir='ltr'>iidem</span> <span class='ocrx_word' id='word_1_207' title='bbox 890 2950 921 3012; x_wconf 88' lang='lat' dir='ltr'>et</span> <span class='ocrx_word' id='word_1_208' title='bbox 942 2964 1006 3012; x_wconf 91' lang='lat' dir='ltr'>nou</span> <span class='ocrx_word' id='word_1_209' title='bbox 1028 2945 1142 3013; x_wconf 78' lang='lat' dir='ltr'>diversi</span> <span class='ocrx_word' id='word_1_210' title='bbox 1165 2950 1248 3014; x_wconf 90' lang='lat' dir='ltr'>sunt.</span> <span class='ocrx_word' id='word_1_211' title='bbox 1295 2944 1443 3013; x_wconf 79' lang='lat' dir='ltr'>onustus</span> 
     </span>
     <span class='ocr_line' id='line_1_24' title="bbox 236 3054 1444 3140; baseline 0 -20"><span class='ocrx_word' id='word_1_212' title='bbox 236 3055 318 3120; x_wconf 88' lang='lat' dir='ltr'>enim</span> <span class='ocrx_word' id='word_1_213' title='bbox 339 3057 470 3119; x_wconf 88' lang='lat' dir='ltr'>naturae</span> <span class='ocrx_word' id='word_1_214' title='bbox 491 3056 617 3120; x_wconf 89' lang='lat' dir='ltr'>nostrae</span> <span class='ocrx_word' id='word_1_215' title='bbox 639 3056 888 3140; x_wconf 85' lang='lat' dir='ltr'>consanguineus</span> <span class='ocrx_word' id='word_1_216' title='bbox 910 3056 944 3120; x_wconf 95' lang='lat' dir='ltr'>in</span> <span class='ocrx_word' id='word_1_217' title='bbox 965 3056 1069 3122; x_wconf 90' lang='lat' dir='ltr'>carnis</span> <span class='ocrx_word' id='word_1_218' title='bbox 1085 3059 1117 3122; x_wconf 91' lang='lat' dir='ltr'>ot</span> <span class='ocrx_word' id='word_1_219' title='bbox 1132 3054 1292 3140; x_wconf 84' lang='lat' dir='ltr'>sanguinis</span> <span class='ocrx_word' id='word_1_220' title='bbox 1314 3058 1444 3120; x_wconf 87' lang='lat' dir='ltr'>nostrae</span> 
     </span>
    </p>
   </div>
   <div class='ocr_carea' id='block_1_5' title="bbox 235 3164 1582 3266">
    <p class='ocr_par' dir='ltr' id='par_1_5' title="bbox 235 3164 1582 3266">
     <span class='ocr_line' id='line_1_25' title="bbox 235 3164 1582 3266; baseline 0.001 -35"><span class='ocrx_word' id='word_1_221' title='bbox 235 3166 375 3245; x_wconf 70' lang='lat' dir='ltr'>dentato,</span> <span class='ocrx_word' id='word_1_222' title='bbox 399 3165 480 3230; x_wconf 88' lang='lat' dir='ltr'>viam</span> <span class='ocrx_word' id='word_1_223' title='bbox 503 3184 537 3231; x_wconf 87' lang='lat' dir='ltr'>se</span> <span class='ocrx_word' id='word_1_224' title='bbox 558 3164 648 3231; x_wconf 90' lang='lat' dir='ltr'>nobis</span> <span class='ocrx_word' id='word_1_225' title='bbox 670 3187 727 3252; x_wconf 89' lang='lat' dir='ltr'>per</span> <span class='ocrx_word' id='word_1_226' title='bbox 742 3169 916 3251; x_wconf 83' lang='lat' dir='ltr'>exemplum</span> <span class='ocrx_word' id='word_1_227' title='bbox 932 3168 1054 3247; x_wconf 84' lang='lat' dir='ltr'>stravit,</span> <span class='ocrx_word' id='word_1_228' title='bbox 1077 3185 1196 3251; x_wconf 90' lang='lat' dir='ltr'>suoque</span> <span class='ocrx_word' id='word_1_229' title='bbox 1214 3185 1271 3232; x_wconf 89' lang='lat' dir='ltr'>nos</span> <span class='ocrx_word' id='word_1_230' title='bbox 1287 3166 1446 3250; x_wconf 83' lang='lat' dir='ltr'>sangnine</span> <span class='ocrx_word' id='word_1_231' title='bbox 1581 3239 1582 3266; x_wconf 12' lang='grc' dir='ltr'>ἒ</span> 
     </span>
    </p>
   </div>
   <div class='ocr_carea' id='block_1_6' title="bbox 235 3274 1446 3585">
    <p class='ocr_par' dir='ltr' id='par_1_6' title="bbox 235 3274 1446 3585">
     <span class='ocr_line' id='line_1_26' title="bbox 236 3274 1444 3344; baseline 0.002 -3"><span class='ocrx_word' id='word_1_232' title='bbox 236 3274 366 3341; x_wconf 87' lang='lat' dir='ltr'>redemit</span> <span class='ocrx_word' id='word_1_233' title='bbox 399 3278 436 3342; x_wconf 93' lang='lat' dir='ltr'>de</span> <span class='ocrx_word' id='word_1_234' title='bbox 469 3276 529 3342; x_wconf 90' lang='lat' dir='ltr'>sub</span> <span class='ocrx_word' id='word_1_235' title='bbox 550 3277 686 3343; x_wconf 92' lang='lat' dir='ltr'>dominio</span> <span class='ocrx_word' id='word_1_236' title='bbox 710 3277 825 3343; x_wconf 91' lang='lat' dir='ltr'>diaboli</span> <span class='ocrx_word' id='word_1_237' title='bbox 860 3278 954 3344; x_wconf 92' lang='lat' dir='ltr'>simul</span> <span class='ocrx_word' id='word_1_238' title='bbox 977 3281 1008 3344; x_wconf 88' lang='lat' dir='ltr'>et</span> <span class='ocrx_word' id='word_1_239' title='bbox 1030 3279 1069 3344; x_wconf 92' lang='lat' dir='ltr'>de</span> <span class='ocrx_word' id='word_1_240' title='bbox 1091 3296 1171 3344; x_wconf 88' lang='lat' dir='ltr'>vana</span> <span class='ocrx_word' id='word_1_241' title='bbox 1205 3277 1444 3344; x_wconf 85' lang='lat' dir='ltr'>conversatione</span> 
     </span>
     <span class='ocr_line' id='line_1_27' title="bbox 235 3387 1445 3473; baseline 0.002 -21"><span class='ocrx_word' id='word_1_242' title='bbox 235 3389 382 3470; x_wconf 87' lang='lat' dir='ltr'>paternae</span> <span class='ocrx_word' id='word_1_243' title='bbox 398 3387 574 3453; x_wconf 90' lang='lat' dir='ltr'>traditionis</span> <span class='ocrx_word' id='word_1_244' title='bbox 598 3388 680 3471; x_wconf 89' lang='lat' dir='ltr'>quod</span> <span class='ocrx_word' id='word_1_245' title='bbox 702 3388 888 3454; x_wconf 87' lang='lat' dir='ltr'>moralitatis</span> <span class='ocrx_word' id='word_1_246' title='bbox 910 3393 967 3469; x_wconf 83' lang='lat' dir='ltr'>est,</span> <span class='ocrx_word' id='word_1_247' title='bbox 990 3407 1072 3473; x_wconf 88' lang='lat' dir='ltr'>aqua</span> <span class='ocrx_word' id='word_1_248' title='bbox 1094 3391 1190 3456; x_wconf 92' lang='lat' dir='ltr'>etiam</span> <span class='ocrx_word' id='word_1_249' title='bbox 1212 3390 1250 3454; x_wconf 90' lang='lat' dir='ltr'>dc</span> <span class='ocrx_word' id='word_1_250' title='bbox 1270 3388 1369 3454; x_wconf 89' lang='lat' dir='ltr'>latore</span> <span class='ocrx_word' id='word_1_251' title='bbox 1385 3406 1445 3454; x_wconf 85' lang='lat' dir='ltr'>suo</span> 
     </span>
     <span class='ocr_line' id='line_1_28' title="bbox 237 3498 1446 3585; baseline 0.001 -20"><span class='ocrx_word' id='word_1_252' title='bbox 237 3501 308 3565; x_wconf 88' lang='lat' dir='ltr'>fusa</span> <span class='ocrx_word' id='word_1_253' title='bbox 341 3517 403 3565; x_wconf 94' lang='lat' dir='ltr'>non</span> <span class='ocrx_word' id='word_1_254' title='bbox 437 3501 539 3565; x_wconf 94' lang='lat' dir='ltr'>solum</span> <span class='ocrx_word' id='word_1_255' title='bbox 572 3519 629 3565; x_wconf 91' lang='lat' dir='ltr'>nos</span> <span class='ocrx_word' id='word_1_256' title='bbox 651 3500 829 3585; x_wconf 87' lang='lat' dir='ltr'>redemptos</span> <span class='ocrx_word' id='word_1_257' title='bbox 852 3498 970 3579; x_wconf 86' lang='lat' dir='ltr'>abluit,</span> <span class='ocrx_word' id='word_1_258' title='bbox 1004 3501 1058 3566; x_wconf 93' lang='lat' dir='ltr'>sed</span> <span class='ocrx_word' id='word_1_259' title='bbox 1081 3504 1114 3565; x_wconf 90' lang='lat' dir='ltr'>ot</span> <span class='ocrx_word' id='word_1_260' title='bbox 1136 3520 1169 3566; x_wconf 88' lang='lat' dir='ltr'>se</span> <span class='ocrx_word' id='word_1_261' title='bbox 1190 3501 1294 3584; x_wconf 88' lang='lat' dir='ltr'>ipsum</span> <span class='ocrx_word' id='word_1_262' title='bbox 1327 3517 1446 3584; x_wconf 86' lang='lat' dir='ltr'>aquam</span> 
     </span>
    </p>
   </div>
   <div class='ocr_carea' id='block_1_7' title="bbox 238 3609 1581 3698">
    <p class='ocr_par' dir='ltr' id='par_1_7' title="bbox 238 3609 1581 3698">
     <span class='ocr_line' id='line_1_29' title="bbox 238 3609 1581 3698; baseline 0.003 -22"><span class='ocrx_word' id='word_1_263' title='bbox 238 3609 407 3694; x_wconf 80' lang='lat' dir='ltr'>sapientiae</span> <span class='ocrx_word' id='word_1_264' title='bbox 428 3609 517 3677; x_wconf 89' lang='lat' dir='ltr'>nobis</span> <span class='ocrx_word' id='word_1_265' title='bbox 539 3610 572 3675; x_wconf 89' lang='lat' dir='ltr'>in</span> <span class='ocrx_word' id='word_1_266' title='bbox 594 3615 703 3696; x_wconf 88' lang='lat' dir='ltr'>potum</span> <span class='ocrx_word' id='word_1_267' title='bbox 727 3612 821 3690; x_wconf 85' lang='lat' dir='ltr'>dedit,</span> <span class='ocrx_word' id='word_1_268' title='bbox 846 3612 928 3695; x_wconf 89' lang='lat' dir='ltr'>quod</span> <span class='ocrx_word' id='word_1_269' title='bbox 949 3612 1075 3677; x_wconf 83' lang='lat' dir='ltr'>veritati</span> <span class='ocrx_word' id='word_1_270' title='bbox 1100 3613 1265 3698; x_wconf 79' lang='lat' dir='ltr'>congruit3</span> <span class='ocrx_word' id='word_1_271' title='bbox 1288 3610 1447 3696; x_wconf 87' lang='lat' dir='ltr'>Spiritum</span> <span class='ocrx_word' id='word_1_272' title='bbox 1580 3611 1581 3627; x_wconf 61' lang='lat'>¹</span> 
     </span>
    </p>
   </div>
   <div class='ocr_carea' id='block_1_8' title="bbox 239 3723 1448 3806">
    <p class='ocr_par' dir='ltr' id='par_1_8' title="bbox 239 3723 1448 3806">
     <span class='ocr_line' id='line_1_30' title="bbox 239 3723 1448 3806; baseline 0.004 -20"><span class='ocrx_word' id='word_1_273' title='bbox 239 3740 361 3806; x_wconf 87' lang='lat' dir='ltr'>quoqne</span> <span class='ocrx_word' id='word_1_274' title='bbox 395 3742 486 3788; x_wconf 89' lang='lat' dir='ltr'>suum</span> <span class='ocrx_word' id='word_1_275' title='bbox 508 3723 679 3789; x_wconf 90' lang='lat' dir='ltr'>humanum</span> <span class='ocrx_word' id='word_1_276' title='bbox 701 3723 740 3788; x_wconf 90' lang='lat' dir='ltr'>ud</span> <span class='ocrx_word' id='word_1_277' title='bbox 762 3727 903 3789; x_wconf 87' lang='lat' dir='ltr'>nostram</span> <span class='ocrx_word' id='word_1_278' title='bbox 938 3723 1178 3790; x_wconf 84' lang='lat' dir='ltr'>vivificationem</span> <span class='ocrx_word' id='word_1_279' title='bbox 1198 3723 1231 3788; x_wconf 93' lang='lat' dir='ltr'>in</span> <span class='ocrx_word' id='word_1_280' title='bbox 1254 3744 1346 3790; x_wconf 89' lang='lat' dir='ltr'>cruce</span> <span class='ocrx_word' id='word_1_281' title='bbox 1368 3743 1448 3791; x_wconf 90' lang='lat' dir='ltr'>con-</span> 
     </span>
    </p>
   </div>
   <div class='ocr_carea' id='block_1_9' title="bbox 239 3835 1580 3924">
    <p class='ocr_par' dir='ltr' id='par_1_9' title="bbox 239 3835 1580 3924">
     <span class='ocr_line' id='line_1_31' title="bbox 239 3835 1580 3924; baseline 0.005 -28"><span class='ocrx_word' id='word_1_282' title='bbox 239 3835 413 3897; x_wconf 86' lang='lat' dir='ltr'>summatus</span> <span class='ocrx_word' id='word_1_283' title='bbox 448 3835 552 3900; x_wconf 87' lang='lat' dir='ltr'>emisit</span> <span class='ocrx_word' id='word_1_284' title='bbox 585 3838 616 3899; x_wconf 89' lang='lat' dir='ltr'>et</span> <span class='ocrx_word' id='word_1_285' title='bbox 637 3836 670 3899; x_wconf 93' lang='lat' dir='ltr'>iu</span> <span class='ocrx_word' id='word_1_286' title='bbox 692 3853 802 3900; x_wconf 90' lang='lat' dir='ltr'>manus</span> <span class='ocrx_word' id='word_1_287' title='bbox 836 3835 940 3900; x_wconf 87' lang='lat' dir='ltr'>Patris</span> <span class='ocrx_word' id='word_1_288' title='bbox 976 3835 1215 3904; x_wconf 85' lang='lat' dir='ltr'>commendavit.</span> <span class='ocrx_word' id='word_1_289' title='bbox 1259 3838 1345 3902; x_wconf 92' lang='lat' dir='ltr'>Dum</span> <span class='ocrx_word' id='word_1_290' title='bbox 1367 3854 1447 3922; x_wconf 83' lang='lat' dir='ltr'>orgo</span> <span class='ocrx_word' id='word_1_291' title='bbox 1579 3915 1580 3924; x_wconf 8' lang='grc' dir='ltr'>ἵ</span> 
     </span>
    </p>
   </div>
   <div class='ocr_carea' id='block_1_10' title="bbox 239 3943 1448 4142">
    <p class='ocr_par' dir='ltr' id='par_1_10' title="bbox 239 3943 1448 4142">
     <span class='ocr_line' id='line_1_32' title="bbox 239 3943 1448 4028; baseline 0.005 -23"><span class='ocrx_word' id='word_1_292' title='bbox 239 3943 384 4008; x_wconf 88' lang='lat' dir='ltr'>emittens</span> <span class='ocrx_word' id='word_1_293' title='bbox 418 3944 563 4028; x_wconf 91' lang='lat' dir='ltr'>spiritum</span> <span class='ocrx_word' id='word_1_294' title='bbox 593 3947 747 4012; x_wconf 89' lang='lat' dir='ltr'>Dominus</span> <span class='ocrx_word' id='word_1_295' title='bbox 780 3947 874 4012; x_wconf 87' lang='lat' dir='ltr'>Jesus</span> <span class='ocrx_word' id='word_1_296' title='bbox 908 3946 1041 4011; x_wconf 90' lang='lat' dir='ltr'>moritur</span> <span class='ocrx_word' id='word_1_297' title='bbox 1073 3945 1274 4012; x_wconf 86' lang='lat' dir='ltr'>vivificationi</span> <span class='ocrx_word' id='word_1_298' title='bbox 1307 3949 1448 4027; x_wconf 85' lang='lat' dir='ltr'>nostrae,</span> 
     </span>
     <span class='ocr_line' id='line_1_33' title="bbox 240 4054 1448 4142; baseline 0.006 -25"><span class='ocrx_word' id='word_1_299' title='bbox 240 4054 315 4118; x_wconf 93' lang='lat' dir='ltr'>dum</span> <span class='ocrx_word' id='word_1_300' title='bbox 349 4055 499 4137; x_wconf 84' lang='lat' dir='ltr'>sanguiue</span> <span class='ocrx_word' id='word_1_301' title='bbox 532 4055 623 4122; x_wconf 84' lang='lat' dir='ltr'>rubet</span> <span class='ocrx_word' id='word_1_302' title='bbox 655 4057 863 4142; x_wconf 85' lang='lat' dir='ltr'>redemptioni</span> <span class='ocrx_word' id='word_1_303' title='bbox 896 4061 928 4121; x_wconf 95' lang='lat' dir='ltr'>et</span> <span class='ocrx_word' id='word_1_304' title='bbox 956 4056 1175 4140; x_wconf 85' lang='lat' dir='ltr'>justificationi</span> <span class='ocrx_word' id='word_1_305' title='bbox 1208 4064 1335 4124; x_wconf 88' lang='lat' dir='ltr'>nostrae</span> <span class='ocrx_word' id='word_1_306' title='bbox 1368 4059 1448 4124; x_wconf 94' lang='lat' dir='ltr'>dum</span> 
     </span>
    </p>
   </div>
   <div class='ocr_carea' id='block_1_11' title="bbox 240 4167 1579 4364">
    <p class='ocr_par' dir='ltr' id='par_1_11' title="bbox 240 4167 1579 4364">
     <span class='ocr_line' id='line_1_34' title="bbox 240 4167 1579 4272; baseline 0.004 -44"><span class='ocrx_word' id='word_1_307' title='bbox 240 4181 354 4248; x_wconf 87' lang='lat' dir='ltr'>aquam</span> <span class='ocrx_word' id='word_1_308' title='bbox 377 4169 501 4231; x_wconf 90' lang='lat' dir='ltr'>emanat</span> <span class='ocrx_word' id='word_1_309' title='bbox 519 4167 729 4251; x_wconf 91' lang='lat' dir='ltr'>purificationi</span> <span class='ocrx_word' id='word_1_310' title='bbox 751 4171 876 4233; x_wconf 88' lang='lat' dir='ltr'>nostrae</span> <span class='ocrx_word' id='word_1_311' title='bbox 899 4172 1061 4251; x_wconf 90' lang='lat' dir='ltr'>tamquam</span> <span class='ocrx_word' id='word_1_312' title='bbox 1081 4168 1219 4251; x_wconf 81' lang='lat' dir='ltr'>parvulis</span> <span class='ocrx_word' id='word_1_313' title='bbox 1236 4169 1326 4235; x_wconf 88' lang='lat' dir='ltr'>uobis</span> <span class='ocrx_word' id='word_1_314' title='bbox 1341 4170 1450 4253; x_wconf 86' lang='lat' dir='ltr'>prima</span> <span class='ocrx_word' id='word_1_315' title='bbox 1578 4209 1579 4272; x_wconf 18' lang='grc' dir='ltr'><strong>ᾗ</strong></span> 
     </span>
     <span class='ocr_line' id='line_1_35' title="bbox 241 4275 1579 4364; baseline 0.002 -24"><span class='ocrx_word' id='word_1_316' title='bbox 241 4275 425 4342; x_wconf 87' lang='lat' dir='ltr'>initiationis</span> <span class='ocrx_word' id='word_1_317' title='bbox 448 4279 479 4342; x_wconf 91' lang='lat' dir='ltr'>et</span> <span class='ocrx_word' id='word_1_318' title='bbox 493 4277 689 4345; x_wconf 81' lang='lat' dir='ltr'>formationis</span> <span class='ocrx_word' id='word_1_319' title='bbox 712 4280 888 4345; x_wconf 88' lang='lat' dir='ltr'>rudimenta</span> <span class='ocrx_word' id='word_1_320' title='bbox 901 4281 933 4343; x_wconf 88' lang='lat' dir='ltr'>et</span> <span class='ocrx_word' id='word_1_321' title='bbox 947 4276 1096 4343; x_wconf 89' lang='lat' dir='ltr'>alimenta</span> <span class='ocrx_word' id='word_1_322' title='bbox 1117 4279 1259 4364; x_wconf 84' lang='lat' dir='ltr'>porrigit,</span> <span class='ocrx_word' id='word_1_323' title='bbox 1282 4280 1331 4344; x_wconf 87' lang='lat' dir='ltr'>lac</span> <span class='ocrx_word' id='word_1_324' title='bbox 1353 4279 1448 4345; x_wconf 88' lang='lat' dir='ltr'>nobis</span> <span class='ocrx_word' id='word_1_325' title='bbox 1578 4275 1579 4280; x_wconf 72' lang='grc'>’</span> 
     </span>
    </p>
   </div>
   <div class='ocr_carea' id='block_1_12' title="bbox 241 4388 1448 4582">
    <p class='ocr_par' dir='ltr' id='par_1_12' title="bbox 241 4388 1448 4582">
     <span class='ocr_line' id='line_1_36' title="bbox 241 4388 1448 4473; baseline 0.003 -21"><span class='ocrx_word' id='word_1_326' title='bbox 241 4390 350 4470; x_wconf 90' lang='lat' dir='ltr'>potum</span> <span class='ocrx_word' id='word_1_327' title='bbox 384 4389 460 4452; x_wconf 89' lang='lat' dir='ltr'>daus</span> <span class='ocrx_word' id='word_1_328' title='bbox 482 4405 544 4452; x_wconf 93' lang='lat' dir='ltr'>non</span> <span class='ocrx_word' id='word_1_329' title='bbox 567 4407 669 4455; x_wconf 87' lang='lat' dir='ltr'>escam</span> <span class='ocrx_word' id='word_1_330' title='bbox 691 4395 727 4456; x_wconf 91' lang='lat' dir='ltr'>ut</span> <span class='ocrx_word' id='word_1_331' title='bbox 748 4391 797 4455; x_wconf 88' lang='lat' dir='ltr'>his</span> <span class='ocrx_word' id='word_1_332' title='bbox 820 4388 980 4456; x_wconf 86' lang='lat' dir='ltr'>informati</span> <span class='ocrx_word' id='word_1_333' title='bbox 1013 4389 1108 4473; x_wconf 89' lang='lat' dir='ltr'>atquo</span> <span class='ocrx_word' id='word_1_334' title='bbox 1129 4391 1345 4473; x_wconf 83' lang='lat' dir='ltr'>grandiusculi</span> <span class='ocrx_word' id='word_1_335' title='bbox 1367 4389 1448 4456; x_wconf 86' lang='lat' dir='ltr'>lacti</span> 
     </span>
     <span class='ocr_line' id='line_1_37' title="bbox 242 4498 1448 4582; baseline 0.002 -18"><span class='ocrx_word' id='word_1_336' title='bbox 242 4501 280 4564; x_wconf 88' lang='lat' dir='ltr'>ad</span> <span class='ocrx_word' id='word_1_337' title='bbox 303 4499 460 4568; x_wconf 79' lang='lat' dir='ltr'>Christum</span> <span class='ocrx_word' id='word_1_338' title='bbox 494 4498 591 4580; x_wconf 88' lang='lat' dir='ltr'>riam,</span> <span class='ocrx_word' id='word_1_339' title='bbox 625 4502 789 4568; x_wconf 83' lang='lat' dir='ltr'>veritatem</span> <span class='ocrx_word' id='word_1_340' title='bbox 811 4505 843 4565; x_wconf 92' lang='lat' dir='ltr'>et</span> <span class='ocrx_word' id='word_1_341' title='bbox 865 4499 960 4564; x_wconf 87' lang='lat' dir='ltr'>vitam</span> <span class='ocrx_word' id='word_1_342' title='bbox 996 4498 1083 4582; x_wconf 89' lang='lat' dir='ltr'>quasi</span> <span class='ocrx_word' id='word_1_343' title='bbox 1106 4499 1145 4565; x_wconf 87' lang='lat' dir='ltr'>ad</span> <span class='ocrx_word' id='word_1_344' title='bbox 1168 4500 1303 4565; x_wconf 90' lang='lat' dir='ltr'>solidum</span> <span class='ocrx_word' id='word_1_345' title='bbox 1339 4499 1448 4567; x_wconf 90' lang='lat' dir='ltr'>cibum</span> 
     </span>
    </p>
   </div>
   <div class='ocr_carea' id='block_1_13' title="bbox 0 0 1609 5190">
    <p class='ocr_par' dir='ltr' id='par_1_13' title="bbox 0 0 1609 5190">
     <span class='ocr_line' id='line_1_38' title="bbox 0 0 1609 5190; baseline 0 0"><span class='ocrx_word' id='word_1_346' title='bbox 0 0 1609 5190; x_wconf 95' lang='lat' dir='ltr'> </span> 
     </span>
    </p>
   </div>
  </div>
 </body>
</html>
