3158 5212
1329 409 1369 474 21

166 576 318 661 Herodes,
341 577 484 644 funestus
506 575 620 642 Jacobi
643 574 791 661 Apostoli
812 575 942 657 occisor,
971 576 1004 640 in
1027 577 1112 643 rests
1133 578 1220 663 regia
1241 583 1274 646 st
1294 598 1370 648 auro

167 691 301 777 fulgenti
322 707 378 773 pro
395 687 544 753 tribunali
557 688 675 754 sedisse
691 688 871 772 perhibetur
886 688 1131 754 acclamantibus
1145 689 1211 755 sibi
1227 693 1370 775 populis:

165 820 283 868 voces
306 798 378 866 Dei
401 803 439 865 et
460 818 534 864 non
557 799 748 884 hominis,
771 801 798 883 ¹)
812 800 893 865 unde
908 799 1053 883 quianon
1067 800 1205 866 dedisset
1219 801 1369 868 honorem

164 912 232 978 Deo
254 910 422 976 insanabili
450 912 543 994 plaga
565 930 732 994 percussus
754 909 913 976 vermibus
948 913 1071 976 scatens
1096 913 1273 997 exepilavit.
1318 913 1371 1003 Sic

164 1041 239 1108 ergo
263 1028 296 1088 et
317 1021 399 1088 forts
427 1021 630 1088 antichristus
658 1021 692 1086 in
721 1023 838 1105 templo
870 1021 976 1106 aliquo
998 1039 1094 1088 manu
1119 1019 1205 1088 facto
1239 1017 1369 1105 sedebit,

162 1137 203 1200 ad
225 1138 328 1202 cetera
350 1152 423 1200 vero
446 1133 564 1217 templa
583 1132 729 1216 imaginis
763 1149 837 1198 suae
860 1131 1077 1198 statunculum
1098 1134 1213 1214 mittet,
1251 1138 1287 1199 ut
1308 1134 1370 1200 inr-

161 1245 285 1331 pleatur
311 1245 394 1328 quod
420 1245 539 1310 dictum
572 1247 622 1309 est
649 1263 705 1326 per
726 1244 889 1308 Danielem
912 1226 938 1330 ’1
967 1244 1157 1329 Prophetam
1179 1247 1212 1310 et
1234 1245 1316 1328 quod
1335 1244 1369 1309 in

163 1357 334 1442 Evangelio
363 1355 404 1420 ab
425 1356 493 1438 ipso
520 1356 546 1438 ³)
579 1354 715 1418 Domino
736 1354 931 1437 praedictum
954 1360 1012 1437 est,
1046 1358 1202 1422 staturam
1223 1353 1370 1421 abomi-

162 1468 369 1535 nationem
403 1465 675 1531 desolationis
706 1465 746 1529 in
778 1466 923 1550 templo
960 1463 1010 1532 vel
1033 1467 1115 1550 qnod
1147 1467 1232 1532 idem
1255 1469 1304 1532 est
1324 1467 1367 1532 in

161 1581 251 1646 loco
274 1580 413 1645 sancto
437 1578 502 1642 sive
535 1576 589 1642 ubi
610 1594 673 1640 non
695 1573 797 1641 debet.
827 1576 879 1640 Ad
902 1576 984 1659 quod
1006 1576 1101 1641 etiam
1123 1576 1278 1660 pertinere
1299 1578 1368 1661 quis

162 1691 244 1756 forte
266 1689 436 1755 arbitretur
457 1689 545 1770 illud,
570 1688 652 1769 quod
679 1685 718 1751 de
738 1685 839 1751 bestia
860 1686 915 1752 illa
936 1687 998 1752 alia
1019 1687 1205 1753 ascendente
1227 1687 1369 1754 deterre

161 1802 195 1866 in
217 1800 396 1885 apocalypsi
418 1798 573 1868 Johannis
594 1797 747 1880 scriptum
769 1800 829 1876 est,
858 1797 1006 1881 quoniam
1028 1797 1124 1864 faciat
1148 1816 1256 1864 omnes
1278 1797 1368 1864 habi·

161 1915 266 1978 tantas
281 1911 314 1977 in
336 1915 419 1976 terra
430 1911 559 1976 adorare
573 1909 707 1975 bestiam
720 1910 856 1994 primam
879 1914 912 1976 et
928 1910 1030 1974 facore
1051 1909 1222 1993 imaginem
1237 1908 1366 1989 bestiae,

159 2023 250 2108 cujus
271 2024 365 2107 plaga
386 2021 497 2086 mortis
522 2025 630 2086 curata
652 2023 711 2086 est.
754 2022 795 2086 Ilt
814 2040 871 2087 nos
895 2022 1020 2106 quidem
1050 2020 1105 2086 tali
1129 2019 1263 2086 sessioni
1285 2019 1368 2084 anti·

158 2132 270 2198 christi
292 2132 324 2196 in
346 2131 463 2214 templo
487 2127 665 2195 manufacto
688 2148 751 2195 uon
773 2131 1014 2198 contradicimus
1038 2133 1092 2198 sed
1114 2130 1366 2214 adimpletionem

156 2241 340 2327 prophetiae
361 2240 569 2306 necessariam
590 2259 653 2306 non
674 2242 891 2310 aestimamus.
929 2244 1054 2310 Etenim
1076 2247 1113 2308 ut
1136 2243 1365 2326 adimpleantur

156 2355 199 2419 ad
221 2354 361 2420 litteram
373 2353 545 2435 scripturas
555 2351 587 2416 id
598 2352 674 2418 satis
687 2372 755 2418 esso
769 2356 884 2437 potest,
904 2356 986 2439 quod
997 2354 1088 2419 Philo
1098 2353 1204 2433 refert,
1228 2357 1366 2436 tempore

157 2463 228 2549 Gaji
250 2463 483 2533 Caesarieinter
505 2467 622 2530 ceteras
634 2464 829 2530 calamitates
850 2465 937 2550 genti
958 2466 1149 2532 ludaeorum
1165 2465 1268 2530 illatas
1284 2463 1366 2530 acci-

157 2577 252 2642 disse.
275 2577 378 2642 Multa
398 2577 533 2660 quidem,
557 2575 584 2662 4)
611 2576 723 2660 inquit,
744 2576 778 2641 in
800 2575 874 2660 OaJ'o
902 2581 970 2643 orat
989 2576 1106 2661 ingenii
1126 2577 1273 2661 pravitas,
1303 2591 1365 2658 qua

156 2704 233 2772 erga
255 2705 362 2752 omnes
383 2687 535 2769 homines,
558 2690 627 2752 tum
649 2686 812 2772 praecipue
834 2707 908 2773 erga
928 2689 1121 2756 iudaeorum
1134 2691 1262 2771 gentem
1282 2683 1363 2751 foro·

156 2796 253 2863 batur
274 2799 307 2864 et
328 2798 454 2881 speciali
476 2799 610 2882 quadam
633 2797 762 2864 saevitia
782 2797 850 2864 loca
872 2816 990 2879 eornm,
1013 2816 1091 2881 quas
1114 2797 1225 2863 divinis
1247 2794 1364 2861 habent

156 2908 437 2995 supplicationibus
453 2913 643 2987 consecrata,
666 2908 817 2992 incipiens
833 2908 873 2974 ab
895 2909 1083 2976 Alexandria
1105 2908 1197 2992 diripi
1211 2909 1243 2974 et
1254 2908 1362 2972 contra

155 3020 341 3104 religionem
362 3039 542 3104 moremque
563 3019 667 3104 gentis
683 3019 842 3103 profanari
859 3019 960 3104 jubet,
984 3021 1098 3087 statuis
1121 3021 1187 3086 suis
1209 3022 1241 3085 ot
1263 3017 1361 3103 signis

156 3150 196 3198 ea
216 3134 311 3214 atque
331 3131 522 3217 imaginibus
550 3133 683 3215 replens.
728 3132 894 3216 Templum
916 3150 1038 3217 qnoque
1068 3134 1194 3197 sanctae
1215 3130 1361 3210 civitatis,

157 3243 243 3327 quod
264 3243 368 3308 solnm
401 3241 548 3306 manebat
579 3243 678 3309 totius
711 3243 860 3327 profanas
888 3243 1082 3327 contagionis
1114 3244 1268 3309 intactum
1290 3244 1362 3308 eta

156 3351 331 3436 majoribus
352 3353 574 3436 perduraverat
605 3355 744 3437 asylum,
778 3357 972 3420 commutare
999 3356 1033 3420 in
1059 3353 1213 3438 templum
1244 3351 1361 3436 proprii

156 3463 294 3530 nominis
317 3481 412 3529 ausus
435 3468 493 3544 est,
515 3468 552 3531 ut
573 3466 664 3532 aedes
677 3465 767 3534 lovis
790 3468 822 3531 et
843 3464 1031 3532 nobilissimi
1051 3466 1123 3530 novi
1145 3464 1195 3531 dei
1217 3462 1284 3548 daji
1305 3481 1361 3529 vo-

157 3577 292 3640 caretur.
337 3574 493 3658 Josephus
517 3595 639 3660 quoque
665 3577 855 3643 insecundo
876 3576 995 3662 judaici
1022 3576 1097 3643 belii
1122 3575 1202 3642 libro
1225 3591 1360 3642 consona

156 3684 285 3751 Philoni
307 3684 445 3751 scribens
478 3687 570 3756 dicit:
613 3689 646 3754 Is
679 3691 795 3769 autem,
836 3689 889 3772 qui
922 3689 1038 3756 missus
1059 3691 1108 3755 est
1128 3706 1147 3752 a
1169 3685 1293 3753 Tiberio
1325 3686 1359 3751 in

155 3796 178 3863 J
181 3796 314 3860 udaeam
336 3801 519 3881 procurator
540 3799 672 3880 Pilatus,
706 3802 802 3865 noctu
823 3801 941 3866 velatas
962 3800 1122 3866 introferri
1143 3801 1359 3883 Jerosolymae

155 3906 309 3990 imagines
343 3906 485 3975 Caesaris
511 3909 603 3993 jubet
631 3928 668 3978 ac
697 3911 804 3978 statui.
849 3913 939 3994 Quod
967 3911 1021 3978 ubi
1054 3912 1120 3978 dies
1154 3913 1278 3978 exortus
1310 3913 1359 3976 est

364 4101 406 4110 -ι

261 4215 280 4286 ¹)
298 4221 347 4271 sot.
367 4216 410 4272 12.
430 4215 475 4271 22.

263 4313 283 4385 ²)
301 4315 366 4370 Dan.
387 4314 412 4370 9.
432 4313 476 4369 27.

261 4412 283 4483 ³)
301 4417 384 4469 Marc.
404 4413 448 4470 13.
468 4416 512 4472 14.

260 4514 281 4581 ⁴)
302 4514 392 4568 confer
410 4514 479 4567 infra
499 4532 555 4583 cap.
575 4515 618 4570 46.
640 4516 723 4570 Philo.
743 4533 783 4586 op.
803 4520 835 4572 od
854 4519 930 4572 Paris
950 4516 1021 4574 1640
1038 4535 1063 4588 p.
1075 4516 1157 4573 1040.
