3168 5190
266 397 329 463 276

266 569 316 648 sit,
349 567 500 633 catholioe
533 566 665 651 sapiunt,
699 569 732 632 et
763 565 925 632 nobiseum
948 567 1096 632 sentiunt.
1140 565 1174 632 Si
1195 569 1301 631 autem
1332 564 1466 640 homini,

266 697 359 762 quem
390 693 559 763 personam
589 676 724 741 divinam
759 678 931 742 concedunt
951 696 1029 756 esse,
1064 678 1198 744 formam
1231 675 1404 743 divinitatis
1430 680 1465 740 et

264 790 393 855 naturae
415 787 605 854 consortium
625 790 741 872 negant
768 791 1001 868 monstruosam
1023 789 1100 854 milri
1122 809 1188 855 rem
1210 787 1353 855 videntur
1375 804 1468 853 asse-

265 919 332 965 rere
352 899 489 982 aliquam
510 919 576 964 rem
597 902 727 965 naturae
755 898 885 982 alicujus
916 918 1080 983 personam
1102 901 1152 966 vel
1173 899 1370 965 individuum
1392 915 1466 962 esse

264 1013 297 1076 et
317 1013 446 1077 naturae
467 1009 562 1091 illius,
585 1008 673 1094 eujus
695 1028 828 1094 persona
842 1011 865 1092 ¹)
887 1013 937 1076 vel
956 1011 1152 1076 individuum
1168 1011 1218 1091 sit,
1241 1009 1342 1076 forma
1357 1027 1466 1075 oarere

265 1141 336 1188 oum
358 1140 465 1189 omnes
487 1120 607 1187 formae
627 1124 786 1207 generales
809 1124 840 1186 et
862 1121 1023 1206 speoifioae
1045 1124 1110 1189 suis
1131 1121 1298 1188 individuis
1315 1119 1466 1186 substan·

265 1233 354 1299 tiales
377 1252 444 1299 esse
465 1237 635 1298 nosoantur
655 1251 683 1298 r.
706 1251 753 1317 gr.
776 1236 952 1298 monstrent
973 1233 1053 1298 mihi
1073 1252 1237 1319 personam
1252 1231 1386 1299 hominis
1412 1232 1465 1295 vel

264 1344 367 1429 angeli
389 1347 473 1410 extra
495 1344 652 1428 angelicae
667 1343 827 1429 dignitatis
843 1346 892 1411 rel
907 1345 1110 1412 humanitatis
1131 1349 1277 1411 naturam
1294 1347 1326 1409 et
1339 1340 1465 1407 fatebor

264 1454 422 1520 hominem
453 1456 542 1522 illum
574 1454 674 1522 filium
708 1453 842 1521 hominis
865 1456 1036 1524 Dominum
1057 1457 1168 1524 Jesum
1200 1457 1246 1521 ita
1278 1473 1370 1540 posse
1392 1470 1464 1518 esse

265 1564 435 1631 divinitatis
467 1581 631 1649 personam
653 1568 685 1630 ot
707 1567 835 1631 eandem
867 1585 934 1631 rem
966 1570 1096 1632 naturae
1123 1567 1283 1655 *humanae
1306 1569 1464 1631 exsortem

264 1693 420 1756 asserem
456 1679 571 1759 quanto
603 1674 704 1760 magis
727 1676 838 1741 diuinis
860 1675 954 1742 rebus
976 1677 1090 1762 injuria
1111 1681 1283 1764 irrogatur,
1317 1678 1346 1742 si
1366 1676 1464 1743 homo

265 1778 406 1855 Christus
428 1787 522 1854 Jesus
554 1786 599 1850 ita
619 1785 653 1850 in
673 1805 823 1870 personae
856 1787 912 1852 filii
944 1789 1097 1855 unitatem
1126 1791 1306 1873 assumptus
1329 1788 1463 1866 dicatur,

264 1905 301 1966 ut
320 1904 406 1967 extra
438 1898 534 1965 divini
554 1897 676 1982 generis
698 1900 843 1964 naturam
865 1901 932 1966 sit?
976 1901 1017 1966 Et
1037 1901 1097 1967 hoo
1118 1901 1244 1985 quidem
1277 1901 1385 1966 eontra
1407 1916 1463 1964 eos

264 2013 316 2096 qni
347 2011 508 2079 hominem
542 2011 654 2077 Jesum
686 2011 718 2076 in
749 2029 917 2095 personam
940 2015 972 2078 et
993 2030 1055 2077 non
1083 2013 1116 2077 in
1145 2014 1290 2077 naturam
1323 2010 1464 2074 divinem

263 2127 461 2209 assumptum
483 2141 553 2189 esse
574 2121 689 2189 dieunt

698 2503 808 2570 cap.
827 2501 1032 2558 XXXIX.

328 2626 532 2712 contraeas,
555 2626 610 2714 qui
632 2625 791 2695 hominem
814 2626 956 2695 divinam
977 2643 1147 2714 personam
1169 2645 1240 2695 esse
1262 2626 1395 2714 nogant.

365 2813 449 2880 Nam
470 2813 523 2878 alii
545 2813 679 2881 deterius
704 2815 816 2892 errant,
840 2812 894 2896 qui
914 2812 1074 2878 hominem
1096 2812 1216 2894 lesum,
1247 2815 1274 2880 si
1302 2813 1462 2879 hominem

264 2943 378 2991 nomen
399 2927 529 2989 naturae
550 2922 570 2988 i.
594 2943 619 2990 e.
643 2924 764 2990 animae
785 2925 869 2989 illius
885 2942 903 2989 a
918 2925 984 2989 Deo
1006 2923 1197 2990 inhabitatae
1211 2942 1248 2989 ao
1262 2943 1336 2991 suae
1359 2927 1462 2991 earnis

265 3037 407 3116 facimus,
429 3052 486 3099 neo
507 3033 540 3097 in
562 3052 727 3118 personam
760 3035 855 3100 divini
885 3035 1006 3120 generis
1039 3039 1237 3119 assumptum
1256 3055 1324 3102 esse
1345 3037 1461 3119 dicant,
1573 3117 1574 3130 χ

265 3149 300 3211 ut
322 3163 384 3210 una
404 3145 436 3209 in
459 3144 610 3210 Trinitate
641 3163 772 3229 persona
805 3165 873 3212 esse
895 3146 955 3211 dioi
977 3149 1060 3212 reete
1081 3147 1191 3232 possit,
1227 3166 1261 3213 eo
1286 3149 1367 3232 quod
1389 3169 1463 3235 per·
1573 3139 1574 3150 ’

266 3255 414 3322 sonalitas
447 3257 480 3319 in
513 3254 635 3322 Christo
670 3257 840 3323 seeundum
875 3275 927 3322 eos
962 3256 1056 3322 Verbi
1089 3262 1120 3323 et
1151 3277 1213 3323 non
1250 3256 1384 3326 hominis
1419 3258 1462 3325 sit

264 3368 411 3433 timentes
434 3365 524 3446 forte,
552 3370 588 3431 ut
609 3367 826 3450 praediximus,
859 3367 886 3432 si
908 3370 940 3433 et
958 3368 1116 3433 hominem
1137 3387 1302 3453 personam
1323 3370 1463 3435 dioerent

264 3498 429 3564 personam
461 3479 493 3544 in
527 3477 650 3546 Christo
683 3480 885 3565 duplicarent.
930 3480 998 3547 Neo
1031 3498 1103 3545 vero
1131 3481 1164 3545 in
1185 3484 1330 3547 naturam
1364 3481 1462 3546 divini

264 3590 386 3675 generis
418 3609 488 3655 eum
520 3593 720 3676 assumptum
741 3591 888 3671 fatentur,
922 3595 1039 3657 utnon
1064 3592 1245 3676 simpliciter
1276 3612 1312 3658 ao
1334 3593 1462 3678 proprie

265 3720 321 3766 noo
354 3700 472 3784 absquo
505 3703 595 3784 tropo
628 3701 803 3782 locutionis,
839 3720 929 3785 quem
952 3703 1233 3768 accidentalitatem
1255 3703 1370 3786 dieunt,
1406 3707 1463 3769 aut

265 3811 325 3876 nisi
346 3831 401 3894 per
422 3810 619 3895 adoptionem
641 3814 726 3878 Deus
753 3831 790 3879 ao
811 3813 870 3878 Dei
891 3813 975 3878 filius
1004 3817 1087 3879 reete
1113 3816 1207 3897 atque
1228 3815 1378 3881 catholiea
1400 3815 1462 3881 diei

265 3922 313 3987 rel
335 3922 418 3986 aredi
440 3922 548 4005 possit,
572 3923 677 4007 sieque
699 3925 868 3989 seeundum
890 3942 953 4004 eos,
987 3924 1014 3989 si
1035 3927 1072 3990 ut
1092 3924 1210 3990 dietum
1232 3928 1289 4007 est,
1312 3924 1406 3992 homo
1429 3927 1462 3992 in

265 4031 390 4098 Christo
423 4034 545 4118 proprie
577 4053 690 4100 nomen
722 4039 851 4101 naturae
871 4038 903 4101 et
924 4054 987 4101 non
1008 4036 1130 4120 proprie
1164 4054 1278 4104 nomeu
1310 4054 1462 4121 personae

265 4141 318 4223 sit,
350 4142 444 4209 homo
477 4144 530 4211 ille
562 4148 704 4230 propriae
732 4149 898 4215 locutionis
930 4148 1023 4214 modo
1044 4167 1100 4216 neo
1121 4149 1257 4216 humana
1278 4168 1335 4216 nee
1358 4151 1462 4216 divina

264 4271 395 4336 persona
412 4256 474 4326 est.
518 4255 564 4322 At
585 4275 656 4324 oum
678 4257 760 4326 filins
783 4259 917 4326 hominis
948 4261 1068 4327 dream
1090 4264 1122 4326 et
1142 4262 1185 4327 sit
1207 4265 1240 4330 et
1260 4261 1355 4328 Jesus
1378 4260 1461 4328 lilius

266 4393 513 4414 .......-,........

369 4470 387 4536 ¹)
408 4468 464 4523 eod.
484 4484 624 4536 personam.
