3168 5214
229 369 293 438 312

229 542 262 608 in
284 559 344 626 qua
366 541 427 607 sita
449 542 507 606 est.
550 538 636 604 Haeo
657 535 831 604 dicentibus
854 535 898 602 eis
922 535 990 620 quis
1013 535 1147 620 prudens
1169 532 1259 601 faeile
1280 538 1328 602 vel
1351 553 1434 603 eon·

230 651 363 718 tradieat
383 653 432 718 vel
453 650 635 731 consentiat,
670 668 705 714 eo
729 650 812 733 qood
834 649 920 714 nulla
942 647 1118 713 diuinorum
1140 647 1331 730 eloquiorum
1354 666 1433 716 aue·

230 763 340 829 toritas
373 761 539 828 manifesta
555 764 604 828 vel
625 761 776 828 asserenti
810 763 861 827 vel
894 760 1117 826 contradicenti
1138 758 1264 824 lassat?
1307 759 1432 826 Verum

230 875 357 941 rationis
392 872 533 940 contuitu
566 873 729 938 veritatem
762 871 942 957 diligentius
979 872 1139 955 indaganti
1170 889 1232 936 non
1265 869 1355 937 faoile
1389 873 1431 936 ut

229 986 359 1052 aestimo
383 986 552 1069 comparet,
576 984 649 1066 quid
670 984 757 1050 loous
780 984 834 1049 ille
856 982 1017 1050 aethereus
1051 983 1114 1049 situ
1148 981 1289 1066 superior
1310 981 1430 1048 sanetis

232 1095 432 1161 beatitudinis
464 1097 624 1180 praestare
654 1095 765 1179 possit,
789 1094 902 1179 quibus
936 1098 1003 1161 sola
1024 1094 1083 1160 Dei
1104 1094 1182 1160 visio
1204 1093 1434 1160 beatitudinem

232 1209 391 1290 praestat,
429 1206 511 1272 siout
545 1206 641 1290 ipsius
675 1207 815 1273 veritotis
852 1226 905 1272 ore
941 1209 1161 1291 depromptum
1199 1209 1256 1271 est.
1311 1207 1434 1272 Beati

233 1318 376 1384 mundo
411 1319 547 1398 eorde,
584 1319 770 1401 quoniam
807 1319 888 1404 ipsi
916 1321 1037 1385 Deum
1067 1316 1306 1401 videbunt.¹)
1349 1317 1436 1384 Item

233 1430 425 1513 Regnum,
448 1430 558 1514 inquit,
573 1429 648 1495 Dei
669 1429 778 1495 intra
802 1449 871 1496 vos
894 1431 994 1518 esti)
1016 1431 1097 1515 Quid
1119 1449 1193 1516 ergo
1216 1449 1341 1496 sursum
1363 1432 1435 1497 loeo

233 1541 273 1606 ad
295 1540 461 1607 videndum
482 1541 584 1607 Deum
606 1541 711 1626 pergis
733 1541 827 1607 homo
850 1542 932 1625 quod
953 1541 1036 1606 intra
1059 1543 1090 1608 te
1112 1541 1307 1608 mundicordi
1329 1541 1436 1607 solum

233 1651 424 1736 promissum
447 1652 517 1717 est?
560 1651 707 1735 Alioquin
730 1652 757 1718 si
778 1655 865 1718 loeus
899 1652 963 1718 situ
984 1652 1126 1736 superior
1147 1651 1340 1719 beatificaret
1365 1650 1436 1736 jam

235 1779 306 1829 aves
329 1762 407 1830 ooeli
429 1762 581 1830 beatiores
604 1766 636 1829 et
657 1763 801 1830 meliores
824 1761 915 1829 nobis
937 1782 1005 1830 esse
1027 1766 1050 1830 t.
1415 1805 1431 1840 .

709 2194 821 2263 cap.
842 2193 964 2250 LXI.

238 2341 452 2429 Investigatio
474 2342 545 2431 quis
566 2341 620 2411 vol
641 2340 747 2431 qualis
762 2342 807 2410 sit
821 2341 1042 2431 spiritualium
1064 2361 1233 2433 eorporun
1254 2343 1442 2432 spiritualis

786 2453 884 2523 loeus.

340 2641 402 2710 Sed
423 2642 496 2727 quia
518 2641 556 2707 de
577 2642 655 2709 loois
688 2661 853 2727 corporum
880 2644 930 2709 vel
952 2643 1135 2730 torporibus
1167 2644 1308 2711 locorum
1330 2645 1369 2710 ad
1392 2644 1443 2711 di·

238 2756 312 2821 vina
333 2756 472 2838 exempla
493 2757 668 2835 sumuntur,
691 2753 769 2820 libet
789 2773 846 2820 nos
870 2774 992 2840 quoquo
1013 2755 1053 2821 ad
1075 2754 1243 2821 invisibilia
1264 2756 1442 2822 contuenda

239 2868 331 2935 rebus
354 2864 528 2934 visibilibus
551 2884 607 2950 pro
631 2868 755 2950 speculo
778 2866 835 2946 uti,
859 2866 886 2931 si
908 2864 990 2932 forte
1010 2886 1065 2952 per
1087 2885 1132 2949 ea,
1156 2885 1235 2950 quae
1255 2866 1340 2934 faeta
1354 2870 1441 2948 sunt,

239 2977 405 3044 invisibilia
421 2975 540 3043 Christi
563 2980 594 3042 et
616 2977 674 3041 Dei
695 2977 765 3042 looa
783 2976 941 3044 intellecta
962 2978 1122 3066 intelleota
1144 2977 1282 3063 eonspioi
1304 2978 1442 3057 valeant,

240 3090 346 3174 sioqne
376 3088 569 3154 inveniamus
601 3088 707 3152 locum
741 3088 875 3154 Domino
909 3087 1122 3155 habitaculum
1152 3090 1218 3154 Deo
1241 3089 1352 3157 Jaoob.
1400 3089 1446 3156 Et

242 3200 314 3286 quia
334 3216 459 3267 summa
481 3202 567 3279 sunt,
600 3216 677 3282 quae
711 3202 911 3282 quaeruntur,
940 3198 985 3266 ab
1015 3199 1131 3266 intimis
1150 3200 1358 3266 inchoandum
1381 3206 1446 3281 est,

239 3315 299 3380 hoo
320 3316 446 3380 nostrae
464 3310 712 3396 investigationis
735 3311 825 3376 firmo
849 3311 939 3394 quasi
960 3311 1093 3395 praefixo
1115 3312 1240 3395 paxillo,
1264 3312 1347 3395 quod
1367 3330 1444 3396 pro·

240 3425 310 3511 pria
329 3443 433 3490 rerum
455 3424 591 3508 pondera
613 3423 744 3512 singulis
766 3424 835 3488 loos
856 3421 1018 3488 inveniunt
1039 3441 1068 3489 v.
1091 3441 1138 3508 gr.
1160 3423 1226 3509 igni
1248 3440 1305 3489 sua
1327 3423 1443 3490 levitas

241 3555 368 3604 sursum
390 3539 423 3602 et
443 3539 544 3603 terrae
565 3551 621 3601 sua
644 3535 782 3620 gravitas
805 3536 960 3600 deorsum.
1005 3534 1153 3600 infimum
1175 3553 1249 3601 voro
1272 3534 1305 3598 in
1327 3532 1445 3618 sphae-

242 3646 314 3713 riois
336 3647 385 3713 uel
406 3645 545 3731 globosis
571 3644 674 3726 rebus,
709 3646 808 3730 qualis
832 3650 882 3711 est
902 3646 1048 3729 mundus,
1082 3646 1257 3730 deputatur,
1290 3645 1323 3711 id
1356 3645 1443 3728 quod

243 3758 291 3821 est
312 3755 457 3836 medium,
478 3774 661 3842 supremum
681 3773 753 3821 vero
777 3757 859 3839 quod
881 3759 1054 3823 extremum
1075 3759 1107 3822 et
1127 3774 1147 3821 a
1171 3756 1273 3821 medio
1296 3754 1445 3822 remotis·

245 3866 361 3933 simum
382 3869 439 3933 est.
473 3868 553 3952 Quia
575 3866 672 3952 igitur
693 3870 725 3933 ot
747 3871 830 3933 terra
851 3865 981 3953 globosa
1003 3871 1060 3947 est,
1082 3867 1226 3933 infimum
1248 3885 1371 3952 quoque
1392 3867 1446 3953 ip-

244 3979 309 4045 sius
331 3977 469 4043 medium
502 3977 569 4063 eJus
589 3997 657 4045 osse
679 3984 812 4066 oportet,
846 3999 906 4065 quo
929 3982 1005 4046 dum
1026 3980 1129 4045 omnia
1151 3983 1183 4045 et
1205 3980 1329 4064 singula
1351 3997 1444 4044 mun·

244 4091 341 4156 danao
372 4089 534 4155 maohinoe
566 4091 709 4174 graviore
742 4095 903 4175 tamquam
924 4091 957 4156 in
979 4109 1072 4157 suum
1092 4091 1196 4156 losum
1229 4091 1344 4156 devexa
1366 4094 1441 4156 sunt

244 4198 373 4284 imperio
396 4197 494 4265 Verbi
516 4203 659 4283 creantis,
693 4203 791 4268 moles
813 4203 876 4268 ista
899 4221 992 4288 quam
1014 4203 1170 4269 caleamus
1193 4201 1301 4283 solida,
1329 4200 1442 4286 frigida

348 4465 367 4536 ¹)
385 4468 470 4525 Mella.
487 4467 513 4524 ὃ.
533 4466 558 4522 8.
580 4495 613 4506 -
634 4463 655 4537 ²)
674 4467 736 4525 Luo.
757 4465 800 4524 17.
819 4466 864 4524 21.
