<?xml version="1.0" encoding="UTF-8"?>
<!DOCTYPE html PUBLIC "-//W3C//DTD XHTML 1.0 Transitional//EN"
    "http://www.w3.org/TR/xhtml1/DTD/xhtml1-transitional.dtd">
<html xmlns="http://www.w3.org/1999/xhtml" xml:lang="en" lang="en">
 <head>
  <title>
</title>
<meta http-equiv="Content-Type" content="text/html;charset=utf-8" />
  <meta name='ocr-system' content='tesseract 3.04.00' />
  <meta name='ocr-capabilities' content='ocr_page ocr_carea ocr_par ocr_line ocrx_word'/>
</head>
<body>
  <div class='ocr_page' id='page_1' title='image "./operahactenusin00schegoog_0047.png"; bbox 0 0 3158 5212; ppageno 0'>
   <div class='ocr_carea' id='block_1_1' title="bbox 232 439 278 502">
    <p class='ocr_par' dir='ltr' id='par_1_1' title="bbox 232 439 278 502">
     <span class='ocr_line' id='line_1_1' title="bbox 232 439 278 502; baseline 0 0"><span class='ocrx_word' id='word_1_1' title='bbox 232 439 278 502; x_wconf 80' lang='grc'>’32</span> 
     </span>
    </p>
   </div>
   <div class='ocr_carea' id='block_1_2' title="bbox 234 607 1441 1362">
    <p class='ocr_par' dir='ltr' id='par_1_2' title="bbox 234 607 1441 1362">
     <span class='ocr_line' id='line_1_2' title="bbox 234 607 1437 695; baseline 0.002 -21"><span class='ocrx_word' id='word_1_2' title='bbox 234 609 353 674; x_wconf 79' lang='lat' dir='ltr'>nimum</span> <span class='ocrx_word' id='word_1_3' title='bbox 374 608 492 674; x_wconf 88' lang='lat' dir='ltr'>tendat.</span> <span class='ocrx_word' id='word_1_4' title='bbox 535 610 682 692; x_wconf 79' lang='lat' dir='ltr'><strong>Dumque</strong></span> <span class='ocrx_word' id='word_1_5' title='bbox 714 607 814 690; x_wconf 90' lang='lat' dir='ltr'>primo</span> <span class='ocrx_word' id='word_1_6' title='bbox 850 609 932 691; x_wconf 92' lang='lat' dir='ltr'>quod</span> <span class='ocrx_word' id='word_1_7' title='bbox 968 607 1028 673; x_wconf 92' lang='lat' dir='ltr'>tibi</span> <span class='ocrx_word' id='word_1_8' title='bbox 1050 609 1117 674; x_wconf 91' lang='lat' dir='ltr'>fieri</span> <span class='ocrx_word' id='word_1_9' title='bbox 1137 609 1282 695; x_wconf 71' lang='lat' dir='ltr'><strong>legaliter</strong></span> <span class='ocrx_word' id='word_1_10' title='bbox 1304 631 1367 677; x_wconf 93' lang='lat' dir='ltr'>non</span> <span class='ocrx_word' id='word_1_11' title='bbox 1388 612 1437 677; x_wconf 88' lang='lat' dir='ltr'>vis</span> 
     </span>
     <span class='ocr_line' id='line_1_3' title="bbox 234 715 1441 802; baseline 0.003 -19"><span class='ocrx_word' id='word_1_12' title='bbox 234 738 291 785; x_wconf 89' lang='lat' dir='ltr'>nec</span> <span class='ocrx_word' id='word_1_13' title='bbox 312 719 451 802; x_wconf 82' lang='lat' dir='ltr'>proximo</span> <span class='ocrx_word' id='word_1_14' title='bbox 485 715 571 798; x_wconf 82' lang='lat' dir='ltr'>facis,</span> <span class='ocrx_word' id='word_1_15' title='bbox 607 737 684 801; x_wconf 90' lang='lat' dir='ltr'>quae</span> <span class='ocrx_word' id='word_1_16' title='bbox 718 718 826 802; x_wconf 86' lang='lat' dir='ltr'>utiquo</span> <span class='ocrx_word' id='word_1_17' title='bbox 849 717 985 784; x_wconf 78' lang='lat' dir='ltr'>charitas</span> <span class='ocrx_word' id='word_1_18' title='bbox 1008 718 1138 786; x_wconf 89' lang='lat' dir='ltr'>initialis</span> <span class='ocrx_word' id='word_1_19' title='bbox 1161 723 1227 801; x_wconf 79' lang='lat' dir='ltr'>est3</span> <span class='ocrx_word' id='word_1_20' title='bbox 1261 741 1297 789; x_wconf 88' lang='lat' dir='ltr'>ao</span> <span class='ocrx_word' id='word_1_21' title='bbox 1330 722 1441 789; x_wconf 87' lang='lat' dir='ltr'>deindo</span> 
     </span>
     <span class='ocr_line' id='line_1_4' title="bbox 235 829 1441 918; baseline 0.001 -21"><span class='ocrx_word' id='word_1_22' title='bbox 235 832 317 916; x_wconf 87' lang='lat' dir='ltr'>quod</span> <span class='ocrx_word' id='word_1_23' title='bbox 338 829 396 896; x_wconf 89' lang='lat' dir='ltr'>tibi</span> <span class='ocrx_word' id='word_1_24' title='bbox 418 829 485 895; x_wconf 89' lang='lat' dir='ltr'>fieri</span> <span class='ocrx_word' id='word_1_25' title='bbox 505 829 649 917; x_wconf 71' lang='lat' dir='ltr'>legaliter</span> <span class='ocrx_word' id='word_1_26' title='bbox 678 830 725 896; x_wconf 86' lang='lat' dir='ltr'>vis</span> <span class='ocrx_word' id='word_1_27' title='bbox 749 831 846 896; x_wconf 91' lang='lat' dir='ltr'>etiam</span> <span class='ocrx_word' id='word_1_28' title='bbox 867 831 1006 915; x_wconf 83' lang='lat' dir='ltr'>proximo</span> <span class='ocrx_word' id='word_1_29' title='bbox 1029 831 1193 916; x_wconf 83' lang='lat' dir='ltr'>impendis,</span> <span class='ocrx_word' id='word_1_30' title='bbox 1217 834 1300 917; x_wconf 87' lang='lat' dir='ltr'>quod</span> <span class='ocrx_word' id='word_1_31' title='bbox 1320 831 1441 918; x_wconf 86' lang='lat' dir='ltr'>periec-</span> 
     </span>
     <span class='ocr_line' id='line_1_5' title="bbox 234 941 1440 1027; baseline 0.004 -20"><span class='ocrx_word' id='word_1_32' title='bbox 234 942 328 1008; x_wconf 90' lang='lat' dir='ltr'>tionis</span> <span class='ocrx_word' id='word_1_33' title='bbox 351 944 407 1024; x_wconf 81' lang='lat' dir='ltr'>est,</span> <span class='ocrx_word' id='word_1_34' title='bbox 432 941 543 1026; x_wconf 86' lang='lat' dir='ltr'>templi</span> <span class='ocrx_word' id='word_1_35' title='bbox 560 941 791 1025; x_wconf 73' lang='lat' dir='ltr'>utiquesanoti</span> <span class='ocrx_word' id='word_1_36' title='bbox 814 943 848 1007; x_wconf 93' lang='lat' dir='ltr'>in</span> <span class='ocrx_word' id='word_1_37' title='bbox 871 961 930 1027; x_wconf 89' lang='lat' dir='ltr'>quo</span> <span class='ocrx_word' id='word_1_38' title='bbox 943 941 1205 1025; x_wconf 83' lang='lat' dir='ltr'>inhabitatDeus,</span> <span class='ocrx_word' id='word_1_39' title='bbox 1227 942 1440 1012; x_wconf 89' lang='lat' dir='ltr'>bisdeuorum</span> 
     </span>
     <span class='ocr_line' id='line_1_6' title="bbox 234 1051 1440 1138; baseline 0.001 -19"><span class='ocrx_word' id='word_1_40' title='bbox 234 1051 412 1120; x_wconf 90' lang='lat' dir='ltr'>cubitorum</span> <span class='ocrx_word' id='word_1_41' title='bbox 432 1053 632 1119; x_wconf 90' lang='lat' dir='ltr'>latitudinem</span> <span class='ocrx_word' id='word_1_42' title='bbox 653 1053 802 1138; x_wconf 77' lang='lat' dir='ltr'><strong>implesti.</strong></span> <span class='ocrx_word' id='word_1_43' title='bbox 845 1054 1015 1138; x_wconf 81' lang='lat' dir='ltr'>Templum</span> <span class='ocrx_word' id='word_1_44' title='bbox 1045 1055 1128 1121; x_wconf 91' lang='lat' dir='ltr'>enim</span> <span class='ocrx_word' id='word_1_45' title='bbox 1149 1055 1209 1121; x_wconf 92' lang='lat' dir='ltr'>Dei</span> <span class='ocrx_word' id='word_1_46' title='bbox 1232 1057 1341 1121; x_wconf 87' lang='lat' dir='ltr'>sancta</span> <span class='ocrx_word' id='word_1_47' title='bbox 1361 1055 1440 1120; x_wconf 88' lang='lat' dir='ltr'>haec</span> 
     </span>
     <span class='ocr_line' id='line_1_7' title="bbox 234 1164 1439 1250; baseline 0.002 -21"><span class='ocrx_word' id='word_1_48' title='bbox 234 1165 323 1230; x_wconf 87' lang='lat' dir='ltr'>decet</span> <span class='ocrx_word' id='word_1_49' title='bbox 342 1164 475 1231; x_wconf 90' lang='lat' dir='ltr'>latitudo</span> <span class='ocrx_word' id='word_1_50' title='bbox 497 1164 531 1230; x_wconf 93' lang='lat' dir='ltr'>in</span> <span class='ocrx_word' id='word_1_51' title='bbox 552 1164 746 1248; x_wconf 90' lang='lat' dir='ltr'>longitudine</span> <span class='ocrx_word' id='word_1_52' title='bbox 779 1165 900 1231; x_wconf 90' lang='lat' dir='ltr'>dierum</span> <span class='ocrx_word' id='word_1_53' title='bbox 921 1165 954 1230; x_wconf 89' lang='lat' dir='ltr'>in</span> <span class='ocrx_word' id='word_1_54' title='bbox 977 1183 1038 1250; x_wconf 88' lang='lat' dir='ltr'>qua</span> <span class='ocrx_word' id='word_1_55' title='bbox 1060 1165 1201 1232; x_wconf 81' lang='lat' dir='ltr'>binarius</span> <span class='ocrx_word' id='word_1_56' title='bbox 1225 1185 1259 1231; x_wconf 89' lang='lat' dir='ltr'>se</span> <span class='ocrx_word' id='word_1_57' title='bbox 1292 1165 1332 1231; x_wconf 89' lang='lat' dir='ltr'>ad</span> <span class='ocrx_word' id='word_1_58' title='bbox 1365 1185 1439 1250; x_wconf 90' lang='lat' dir='ltr'>pro·</span> 
     </span>
     <span class='ocr_line' id='line_1_8' title="bbox 234 1275 1095 1362; baseline 0.003 -20"><span class='ocrx_word' id='word_1_59' title='bbox 234 1275 353 1342; x_wconf 78' lang='lat' dir='ltr'>nimum</span> <span class='ocrx_word' id='word_1_60' title='bbox 372 1275 506 1342; x_wconf 89' lang='lat' dir='ltr'>tenderit</span> <span class='ocrx_word' id='word_1_61' title='bbox 524 1279 557 1342; x_wconf 90' lang='lat' dir='ltr'>et</span> <span class='ocrx_word' id='word_1_62' title='bbox 577 1276 761 1362; x_wconf 77' lang='lat' dir='ltr'>decalogum</span> <span class='ocrx_word' id='word_1_63' title='bbox 781 1277 860 1362; x_wconf 87' lang='lat' dir='ltr'>legis</span> <span class='ocrx_word' id='word_1_64' title='bbox 882 1297 945 1344; x_wconf 90' lang='lat' dir='ltr'>non</span> <span class='ocrx_word' id='word_1_65' title='bbox 967 1277 1095 1345; x_wconf 81' lang='lat' dir='ltr'>excedit</span> 
     </span>
    </p>
   </div>
   <div class='ocr_carea' id='block_1_3' title="bbox 646 1563 1035 1774">
    <p class='ocr_par' dir='ltr' id='par_1_3' title="bbox 646 1563 1035 1774">
     <span class='ocr_line' id='line_1_9' title="bbox 748 1563 927 1631; baseline -0.006 -12"><span class='ocrx_word' id='word_1_66' title='bbox 748 1563 927 1631; x_wconf 56' lang='lat' dir='ltr'>(hux.</span> 
     </span>
     <span class='ocr_line' id='line_1_10' title="bbox 646 1684 1035 1774; baseline -0.008 -18"><span class='ocrx_word' id='word_1_67' title='bbox 646 1687 693 1756; x_wconf 85' lang='lat' dir='ltr'>De</span> <span class='ocrx_word' id='word_1_68' title='bbox 715 1685 891 1754; x_wconf 78' lang='lat' dir='ltr'>altitudine</span> <span class='ocrx_word' id='word_1_69' title='bbox 913 1684 1035 1774; x_wconf 83' lang='lat' dir='ltr'>templi.</span> 
     </span>
    </p>
   </div>
   <div class='ocr_carea' id='block_1_4' title="bbox 230 1869 1553 2519">
    <p class='ocr_par' dir='ltr' id='par_1_4' title="bbox 230 1869 1553 2519">
     <span class='ocr_line' id='line_1_11' title="bbox 264 1869 1437 1961; baseline -0.011 -12"><span class='ocrx_word' id='word_1_70' title='bbox 264 1943 267 1949; x_wconf 92' lang='lat'>.</span> <span class='ocrx_word' id='word_1_71' title='bbox 335 1875 459 1961; x_wconf 83' lang='lat' dir='ltr'>Templi</span> <span class='ocrx_word' id='word_1_72' title='bbox 481 1893 555 1941; x_wconf 90' lang='lat' dir='ltr'>sane</span> <span class='ocrx_word' id='word_1_73' title='bbox 576 1874 718 1955; x_wconf 87' lang='lat' dir='ltr'>altitudo,</span> <span class='ocrx_word' id='word_1_74' title='bbox 753 1892 832 1959; x_wconf 88' lang='lat' dir='ltr'>quae</span> <span class='ocrx_word' id='word_1_75' title='bbox 854 1873 1024 1940; x_wconf 91' lang='lat' dir='ltr'>secundum</span> <span class='ocrx_word' id='word_1_76' title='bbox 1047 1872 1192 1958; x_wconf 82' lang='lat' dir='ltr'>regum1)</span> <span class='ocrx_word' id='word_1_77' title='bbox 1212 1874 1359 1940; x_wconf 75' lang='lat' dir='ltr'>volumen</span> <span class='ocrx_word' id='word_1_78' title='bbox 1380 1869 1437 1937; x_wconf 89' lang='lat' dir='ltr'>tri·</span> 
     </span>
     <span class='ocr_line' id='line_1_12' title="bbox 234 1982 1438 2069; baseline -0.007 -15"><span class='ocrx_word' id='word_1_79' title='bbox 234 1988 317 2055; x_wconf 91' lang='lat' dir='ltr'>cenis</span> <span class='ocrx_word' id='word_1_80' title='bbox 341 1987 453 2053; x_wconf 86' lang='lat' dir='ltr'>cubitis</span> <span class='ocrx_word' id='word_1_81' title='bbox 475 1985 629 2067; x_wconf 86' lang='lat' dir='ltr'>tenditur,</span> <span class='ocrx_word' id='word_1_82' title='bbox 662 1987 833 2052; x_wconf 90' lang='lat' dir='ltr'>secundum</span> <span class='ocrx_word' id='word_1_83' title='bbox 865 1985 1119 2069; x_wconf 88' lang='lat' dir='ltr'>paralipomenon</span> <span class='ocrx_word' id='word_1_84' title='bbox 1141 1984 1227 2054; x_wconf 79' lang='lat' dir='ltr'>CXX</span> <span class='ocrx_word' id='word_1_85' title='bbox 1259 1982 1438 2050; x_wconf 88' lang='lat' dir='ltr'>cubitorum</span> 
     </span>
     <span class='ocr_line' id='line_1_13' title="bbox 232 2092 1438 2183; baseline -0.002 -23"><span class='ocrx_word' id='word_1_86' title='bbox 232 2095 330 2164; x_wconf 87' lang='lat' dir='ltr'>luisse</span> <span class='ocrx_word' id='word_1_87' title='bbox 349 2094 501 2183; x_wconf 68' lang='lat' dir='ltr'>diciturl)</span> <span class='ocrx_word' id='word_1_88' title='bbox 523 2097 579 2179; x_wconf 83' lang='lat' dir='ltr'>At,</span> <span class='ocrx_word' id='word_1_89' title='bbox 603 2117 642 2162; x_wconf 93' lang='lat' dir='ltr'>ne</span> <span class='ocrx_word' id='word_1_90' title='bbox 664 2115 752 2163; x_wconf 87' lang='lat' dir='ltr'>sacra</span> <span class='ocrx_word' id='word_1_91' title='bbox 773 2098 850 2163; x_wconf 87' lang='lat' dir='ltr'>haec</span> <span class='ocrx_word' id='word_1_92' title='bbox 873 2096 1053 2162; x_wconf 88' lang='lat' dir='ltr'>testimonia</span> <span class='ocrx_word' id='word_1_93' title='bbox 1075 2097 1264 2162; x_wconf 89' lang='lat' dir='ltr'>alterutrum</span> <span class='ocrx_word' id='word_1_94' title='bbox 1279 2092 1438 2160; x_wconf 86' lang='lat' dir='ltr'>adversari</span> 
     </span>
     <span class='ocr_line' id='line_1_14' title="bbox 232 2202 1438 2295; baseline -0.006 -22"><span class='ocrx_word' id='word_1_95' title='bbox 232 2209 404 2292; x_wconf 84' lang='lat' dir='ltr'>rideantur,</span> <span class='ocrx_word' id='word_1_96' title='bbox 427 2215 511 2278; x_wconf 90' lang='lat' dir='ltr'>recte</span> <span class='ocrx_word' id='word_1_97' title='bbox 533 2211 719 2295; x_wconf 82' lang='lat' dir='ltr'>intelligitur</span> <span class='ocrx_word' id='word_1_98' title='bbox 755 2227 792 2276; x_wconf 87' lang='lat' dir='ltr'>ea</span> <span class='ocrx_word' id='word_1_99' title='bbox 814 2226 894 2293; x_wconf 86' lang='lat' dir='ltr'>quae</span> <span class='ocrx_word' id='word_1_100' title='bbox 916 2208 1047 2294; x_wconf 91' lang='lat' dir='ltr'>triginta</span> <span class='ocrx_word' id='word_1_101' title='bbox 1070 2206 1249 2273; x_wconf 90' lang='lat' dir='ltr'>cubitorum</span> <span class='ocrx_word' id='word_1_102' title='bbox 1272 2203 1375 2270; x_wconf 82' lang='lat' dir='ltr'>extitit</span> <span class='ocrx_word' id='word_1_103' title='bbox 1397 2202 1438 2267; x_wconf 89' lang='lat' dir='ltr'>ad</span> 
     </span>
     <span class='ocr_line' id='line_1_15' title="bbox 230 2311 1553 2406; baseline -0.005 -22"><span class='ocrx_word' id='word_1_104' title='bbox 230 2318 359 2388; x_wconf 90' lang='lat' dir='ltr'>inferius</span> <span class='ocrx_word' id='word_1_105' title='bbox 383 2323 561 2389; x_wconf 86' lang='lat' dir='ltr'>tabulatum</span> <span class='ocrx_word' id='word_1_106' title='bbox 593 2322 778 2406; x_wconf 90' lang='lat' dir='ltr'>pertingere,</span> <span class='ocrx_word' id='word_1_107' title='bbox 812 2338 848 2386; x_wconf 90' lang='lat' dir='ltr'>ea</span> <span class='ocrx_word' id='word_1_108' title='bbox 881 2339 954 2386; x_wconf 85' lang='lat' dir='ltr'>vero</span> <span class='ocrx_word' id='word_1_109' title='bbox 978 2337 1056 2405; x_wconf 90' lang='lat' dir='ltr'>quae</span> <span class='ocrx_word' id='word_1_110' title='bbox 1078 2319 1165 2384; x_wconf 87' lang='lat' dir='ltr'>LXX</span> <span class='ocrx_word' id='word_1_111' title='bbox 1197 2316 1376 2382; x_wconf 91' lang='lat' dir='ltr'>cubitorum</span> <span class='ocrx_word' id='word_1_112' title='bbox 1397 2313 1438 2378; x_wconf 88' lang='lat' dir='ltr'>ad</span> <span class='ocrx_word' id='word_1_113' title='bbox 1549 2311 1553 2314; x_wconf 78' lang='grc'><strong>’</strong></span> 
     </span>
     <span class='ocr_line' id='line_1_16' title="bbox 232 2425 1437 2519; baseline -0.008 -22"><span class='ocrx_word' id='word_1_114' title='bbox 232 2450 391 2499; x_wconf 90' lang='lat' dir='ltr'>summum</span> <span class='ocrx_word' id='word_1_115' title='bbox 414 2454 514 2519; x_wconf 89' lang='lat' dir='ltr'>usque</span> <span class='ocrx_word' id='word_1_116' title='bbox 535 2433 644 2518; x_wconf 88' lang='lat' dir='ltr'>templi</span> <span class='ocrx_word' id='word_1_117' title='bbox 665 2431 829 2516; x_wconf 87' lang='lat' dir='ltr'>fastigium</span> <span class='ocrx_word' id='word_1_118' title='bbox 840 2428 865 2517; x_wconf 81' lang='lat'>⁸)</span> <span class='ocrx_word' id='word_1_119' title='bbox 887 2433 1077 2515; x_wconf 90' lang='lat' dir='ltr'>pertendere.</span> <span class='ocrx_word' id='word_1_120' title='bbox 1123 2431 1197 2496; x_wconf 84' lang='lat' dir='ltr'>Tria</span> <span class='ocrx_word' id='word_1_121' title='bbox 1220 2425 1304 2496; x_wconf 90' lang='lat' dir='ltr'>enim</span> <span class='ocrx_word' id='word_1_122' title='bbox 1326 2440 1437 2490; x_wconf 92' lang='lat' dir='ltr'>coena-</span> 
     </span>
    </p>
   </div>
   <div class='ocr_carea' id='block_1_5' title="bbox 231 2544 1441 4184">
    <p class='ocr_par' dir='ltr' id='par_1_5' title="bbox 231 2544 1441 4184">
     <span class='ocr_line' id='line_1_17' title="bbox 231 2544 1441 2627; baseline -0.009 -17"><span class='ocrx_word' id='word_1_123' title='bbox 231 2545 301 2610; x_wconf 88' lang='lat' dir='ltr'>cula</span> <span class='ocrx_word' id='word_1_124' title='bbox 322 2545 434 2610; x_wconf 87' lang='lat' dir='ltr'>domus</span> <span class='ocrx_word' id='word_1_125' title='bbox 457 2544 645 2625; x_wconf 87' lang='lat' dir='ltr'>continebat,</span> <span class='ocrx_word' id='word_1_126' title='bbox 667 2544 822 2627; x_wconf 84' lang='lat' dir='ltr'>infimum,</span> <span class='ocrx_word' id='word_1_127' title='bbox 845 2545 983 2610; x_wconf 86' lang='lat' dir='ltr'>medium</span> <span class='ocrx_word' id='word_1_128' title='bbox 1005 2548 1038 2610; x_wconf 92' lang='lat' dir='ltr'>et</span> <span class='ocrx_word' id='word_1_129' title='bbox 1060 2559 1250 2626; x_wconf 87' lang='lat' dir='ltr'>supremum,</span> <span class='ocrx_word' id='word_1_130' title='bbox 1283 2556 1338 2623; x_wconf 88' lang='lat' dir='ltr'>per</span> <span class='ocrx_word' id='word_1_131' title='bbox 1360 2552 1441 2620; x_wconf 87' lang='lat' dir='ltr'>quae</span> 
     </span>
     <span class='ocr_line' id='line_1_18' title="bbox 231 2653 1440 2743; baseline -0.007 -22"><span class='ocrx_word' id='word_1_132' title='bbox 231 2656 295 2721; x_wconf 91' lang='lat' dir='ltr'>tres</span> <span class='ocrx_word' id='word_1_133' title='bbox 318 2657 465 2722; x_wconf 86' lang='lat' dir='ltr'>ecclesiae</span> <span class='ocrx_word' id='word_1_134' title='bbox 488 2657 610 2723; x_wconf 86' lang='lat' dir='ltr'>ordines</span> <span class='ocrx_word' id='word_1_135' title='bbox 631 2656 652 2721; x_wconf 91' lang='lat' dir='ltr'>i.</span> <span class='ocrx_word' id='word_1_136' title='bbox 677 2677 704 2722; x_wconf 85' lang='lat' dir='ltr'>e.</span> <span class='ocrx_word' id='word_1_137' title='bbox 717 2655 911 2743; x_wconf 87' lang='lat' dir='ltr'>conjugatos,</span> <span class='ocrx_word' id='word_1_138' title='bbox 935 2655 1130 2722; x_wconf 88' lang='lat' dir='ltr'>continentes</span> <span class='ocrx_word' id='word_1_139' title='bbox 1142 2656 1174 2719; x_wconf 91' lang='lat' dir='ltr'>et</span> <span class='ocrx_word' id='word_1_140' title='bbox 1184 2653 1327 2718; x_wconf 90' lang='lat' dir='ltr'>doctores</span> <span class='ocrx_word' id='word_1_141' title='bbox 1349 2664 1440 2731; x_wconf 86' lang='lat' dir='ltr'>prae·</span> 
     </span>
     <span class='ocr_line' id='line_1_19' title="bbox 231 2757 1440 2852; baseline -0.007 -20"><span class='ocrx_word' id='word_1_142' title='bbox 231 2765 382 2852; x_wconf 88' lang='lat' dir='ltr'>figuratos</span> <span class='ocrx_word' id='word_1_143' title='bbox 403 2768 613 2852; x_wconf 84' lang='lat' dir='ltr'>agnoscimus,</span> <span class='ocrx_word' id='word_1_144' title='bbox 639 2767 692 2850; x_wconf 85' lang='lat' dir='ltr'>qui</span> <span class='ocrx_word' id='word_1_145' title='bbox 714 2770 745 2832; x_wconf 91' lang='lat' dir='ltr'>et</span> <span class='ocrx_word' id='word_1_146' title='bbox 766 2787 821 2851; x_wconf 88' lang='lat' dir='ltr'>per</span> <span class='ocrx_word' id='word_1_147' title='bbox 843 2770 906 2834; x_wconf 91' lang='lat' dir='ltr'>tres</span> <span class='ocrx_word' id='word_1_148' title='bbox 930 2767 1013 2833; x_wconf 85' lang='lat' dir='ltr'>viros</span> <span class='ocrx_word' id='word_1_149' title='bbox 1036 2766 1115 2846; x_wconf 85' lang='lat' dir='ltr'>Noe,</span> <span class='ocrx_word' id='word_1_150' title='bbox 1138 2763 1250 2831; x_wconf 88' lang='lat' dir='ltr'>Daniel</span> <span class='ocrx_word' id='word_1_151' title='bbox 1273 2763 1305 2827; x_wconf 93' lang='lat' dir='ltr'>et</span> <span class='ocrx_word' id='word_1_152' title='bbox 1321 2758 1385 2828; x_wconf 86' lang='lat' dir='ltr'>Job</span> <span class='ocrx_word' id='word_1_153' title='bbox 1405 2757 1440 2824; x_wconf 90' lang='lat' dir='ltr'>in</span> 
     </span>
     <span class='ocr_line' id='line_1_20' title="bbox 231 2868 1439 2962; baseline -0.007 -19"><span class='ocrx_word' id='word_1_154' title='bbox 231 2877 396 2962; x_wconf 88' lang='lat' dir='ltr'>prophetia</span> <span class='ocrx_word' id='word_1_155' title='bbox 417 2876 586 2943; x_wconf 77' lang='lat' dir='ltr'>Ezechielis</span> <span class='ocrx_word' id='word_1_156' title='bbox 608 2878 799 2962; x_wconf 88' lang='lat' dir='ltr'>praesignati</span> <span class='ocrx_word' id='word_1_157' title='bbox 821 2881 905 2945; x_wconf 86' lang='lat' dir='ltr'>sunt.</span> <span class='ocrx_word' id='word_1_158' title='bbox 940 2877 1013 2945; x_wconf 86' lang='lat' dir='ltr'>Sive</span> <span class='ocrx_word' id='word_1_159' title='bbox 1036 2879 1144 2942; x_wconf 88' lang='lat' dir='ltr'>autem</span> <span class='ocrx_word' id='word_1_160' title='bbox 1165 2873 1199 2940; x_wconf 90' lang='lat' dir='ltr'>in</span> <span class='ocrx_word' id='word_1_161' title='bbox 1221 2871 1350 2956; x_wconf 89' lang='lat' dir='ltr'>triginta</span> <span class='ocrx_word' id='word_1_162' title='bbox 1373 2868 1439 2935; x_wconf 86' lang='lat' dir='ltr'>sire</span> 
     </span>
     <span class='ocr_line' id='line_1_21' title="bbox 231 2981 1438 3074; baseline -0.008 -21"><span class='ocrx_word' id='word_1_163' title='bbox 231 2988 265 3053; x_wconf 93' lang='lat' dir='ltr'>in</span> <span class='ocrx_word' id='word_1_164' title='bbox 287 2992 413 3055; x_wconf 90' lang='lat' dir='ltr'>centum</span> <span class='ocrx_word' id='word_1_165' title='bbox 435 2987 548 3072; x_wconf 86' lang='lat' dir='ltr'>viginti</span> <span class='ocrx_word' id='word_1_166' title='bbox 570 2985 748 3054; x_wconf 89' lang='lat' dir='ltr'>cubitorum</span> <span class='ocrx_word' id='word_1_167' title='bbox 769 2990 935 3056; x_wconf 86' lang='lat' dir='ltr'>altitudine</span> <span class='ocrx_word' id='word_1_168' title='bbox 958 2990 1090 3074; x_wconf 91' lang='lat' dir='ltr'>dignum</span> <span class='ocrx_word' id='word_1_169' title='bbox 1112 2985 1194 3052; x_wconf 88' lang='lat' dir='ltr'>scitu</span> <span class='ocrx_word' id='word_1_170' title='bbox 1217 2981 1346 3049; x_wconf 89' lang='lat' dir='ltr'>subesse</span> <span class='ocrx_word' id='word_1_171' title='bbox 1368 2999 1438 3064; x_wconf 84' lang='lat' dir='ltr'>my-</span> 
     </span>
     <span class='ocr_line' id='line_1_22' title="bbox 233 3091 1438 3184; baseline -0.009 -18"><span class='ocrx_word' id='word_1_172' title='bbox 233 3099 363 3166; x_wconf 86' lang='lat' dir='ltr'>sterium</span> <span class='ocrx_word' id='word_1_173' title='bbox 385 3116 581 3182; x_wconf 89' lang='lat' dir='ltr'>nequaquam</span> <span class='ocrx_word' id='word_1_174' title='bbox 618 3098 836 3167; x_wconf 85' lang='lat' dir='ltr'>dubitaverim.</span> <span class='ocrx_word' id='word_1_175' title='bbox 880 3100 918 3165; x_wconf 92' lang='lat' dir='ltr'>In</span> <span class='ocrx_word' id='word_1_176' title='bbox 940 3100 1070 3184; x_wconf 85' lang='lat' dir='ltr'>triginta</span> <span class='ocrx_word' id='word_1_177' title='bbox 1091 3114 1227 3180; x_wconf 88' lang='lat' dir='ltr'>namque</span> <span class='ocrx_word' id='word_1_178' title='bbox 1259 3091 1438 3160; x_wconf 91' lang='lat' dir='ltr'>cubitorum</span> 
     </span>
     <span class='ocr_line' id='line_1_23' title="bbox 232 3201 1439 3295; baseline -0.009 -19"><span class='ocrx_word' id='word_1_179' title='bbox 232 3209 398 3277; x_wconf 90' lang='lat' dir='ltr'>altitudine</span> <span class='ocrx_word' id='word_1_180' title='bbox 420 3209 487 3295; x_wconf 85' lang='lat' dir='ltr'>spei</span> <span class='ocrx_word' id='word_1_181' title='bbox 508 3212 651 3289; x_wconf 88' lang='lat' dir='ltr'>nostrae,</span> <span class='ocrx_word' id='word_1_182' title='bbox 686 3229 764 3294; x_wconf 90' lang='lat' dir='ltr'>quae</span> <span class='ocrx_word' id='word_1_183' title='bbox 788 3213 959 3278; x_wconf 88' lang='lat' dir='ltr'>secundum</span> <span class='ocrx_word' id='word_1_184' title='bbox 981 3210 1076 3276; x_wconf 89' lang='lat' dir='ltr'>fidem</span> <span class='ocrx_word' id='word_1_185' title='bbox 1098 3210 1156 3287; x_wconf 86' lang='lat' dir='ltr'>est,</span> <span class='ocrx_word' id='word_1_186' title='bbox 1190 3203 1367 3271; x_wconf 87' lang='lat' dir='ltr'>sublimitas</span> <span class='ocrx_word' id='word_1_187' title='bbox 1389 3201 1439 3266; x_wconf 91' lang='lat' dir='ltr'>in-</span> 
     </span>
     <span class='ocr_line' id='line_1_24' title="bbox 231 3313 1437 3401; baseline -0.009 -13"><span class='ocrx_word' id='word_1_188' title='bbox 231 3321 349 3388; x_wconf 91' lang='lat' dir='ltr'>nuitur.</span> <span class='ocrx_word' id='word_1_189' title='bbox 394 3320 483 3387; x_wconf 85' lang='lat' dir='ltr'>Siout</span> <span class='ocrx_word' id='word_1_190' title='bbox 505 3321 588 3386; x_wconf 90' lang='lat' dir='ltr'>enim</span> <span class='ocrx_word' id='word_1_191' title='bbox 610 3339 692 3385; x_wconf 89' lang='lat' dir='ltr'>nunc</span> <span class='ocrx_word' id='word_1_192' title='bbox 724 3322 757 3386; x_wconf 91' lang='lat' dir='ltr'>in</span> <span class='ocrx_word' id='word_1_193' title='bbox 790 3324 917 3389; x_wconf 89' lang='lat' dir='ltr'>Patrem</span> <span class='ocrx_word' id='word_1_194' title='bbox 946 3324 1049 3388; x_wconf 89' lang='lat' dir='ltr'>Deum</span> <span class='ocrx_word' id='word_1_195' title='bbox 1083 3317 1328 3401; x_wconf 87' lang='lat' dir='ltr'>omnipotentem</span> <span class='ocrx_word' id='word_1_196' title='bbox 1351 3313 1437 3379; x_wconf 91' lang='lat' dir='ltr'>etin</span> 
     </span>
     <span class='ocr_line' id='line_1_25' title="bbox 232 3425 1437 3518; baseline -0.011 -18"><span class='ocrx_word' id='word_1_197' title='bbox 232 3433 299 3518; x_wconf 89' lang='lat' dir='ltr'>ejus</span> <span class='ocrx_word' id='word_1_198' title='bbox 320 3433 435 3498; x_wconf 81' lang='lat' dir='ltr'>uiuum</span> <span class='ocrx_word' id='word_1_199' title='bbox 457 3431 653 3516; x_wconf 88' lang='lat' dir='ltr'>unigenitum</span> <span class='ocrx_word' id='word_1_200' title='bbox 675 3433 769 3516; x_wconf 88' lang='lat' dir='ltr'>atque</span> <span class='ocrx_word' id='word_1_201' title='bbox 790 3433 824 3500; x_wconf 94' lang='lat' dir='ltr'>in</span> <span class='ocrx_word' id='word_1_202' title='bbox 846 3438 991 3500; x_wconf 89' lang='lat' dir='ltr'>sanctum</span> <span class='ocrx_word' id='word_1_203' title='bbox 1013 3430 1178 3497; x_wconf 89' lang='lat' dir='ltr'>amborum</span> <span class='ocrx_word' id='word_1_204' title='bbox 1201 3425 1352 3510; x_wconf 82' lang='lat' dir='ltr'>Spiritum</span> <span class='ocrx_word' id='word_1_205' title='bbox 1373 3443 1437 3488; x_wconf 78' lang='lat' dir='ltr'>cro</span> 
     </span>
     <span class='ocr_line' id='line_1_26' title="bbox 232 3534 1437 3626; baseline -0.011 -15"><span class='ocrx_word' id='word_1_206' title='bbox 232 3545 345 3625; x_wconf 89' lang='lat' dir='ltr'>dimus,</span> <span class='ocrx_word' id='word_1_207' title='bbox 377 3542 425 3609; x_wconf 92' lang='lat' dir='ltr'>ita</span> <span class='ocrx_word' id='word_1_208' title='bbox 455 3562 513 3608; x_wconf 89' lang='lat' dir='ltr'>nos</span> <span class='ocrx_word' id='word_1_209' title='bbox 535 3541 674 3626; x_wconf 87' lang='lat' dir='ltr'>ejusdem</span> <span class='ocrx_word' id='word_1_210' title='bbox 708 3547 834 3610; x_wconf 88' lang='lat' dir='ltr'>sanctae</span> <span class='ocrx_word' id='word_1_211' title='bbox 869 3544 1031 3610; x_wconf 83' lang='lat' dir='ltr'>Trinitatis</span> <span class='ocrx_word' id='word_1_212' title='bbox 1066 3542 1183 3608; x_wconf 84' lang='lat' dir='ltr'>risione</span> <span class='ocrx_word' id='word_1_213' title='bbox 1215 3534 1437 3602; x_wconf 87' lang='lat' dir='ltr'>beatificandos</span> 
     </span>
     <span class='ocr_line' id='line_1_27' title="bbox 232 3643 1438 3741; baseline -0.011 -18"><span class='ocrx_word' id='word_1_214' title='bbox 232 3675 403 3741; x_wconf 83' lang='lat' dir='ltr'>speramus.</span> <span class='ocrx_word' id='word_1_215' title='bbox 432 3655 534 3738; x_wconf 80' lang='lat' dir='ltr'>Quam</span> <span class='ocrx_word' id='word_1_216' title='bbox 555 3651 664 3736; x_wconf 88' lang='lat' dir='ltr'>utique</span> <span class='ocrx_word' id='word_1_217' title='bbox 686 3654 752 3737; x_wconf 84' lang='lat' dir='ltr'>spei</span> <span class='ocrx_word' id='word_1_218' title='bbox 773 3658 900 3722; x_wconf 89' lang='lat' dir='ltr'>nostrae</span> <span class='ocrx_word' id='word_1_219' title='bbox 923 3655 1139 3722; x_wconf 90' lang='lat' dir='ltr'>celsitudinem</span> <span class='ocrx_word' id='word_1_220' title='bbox 1161 3650 1321 3720; x_wconf 87' lang='lat' dir='ltr'>Johannes</span> <span class='ocrx_word' id='word_1_221' title='bbox 1344 3643 1438 3710; x_wconf 87' lang='lat' dir='ltr'>nobis</span> 
     </span>
     <span class='ocr_line' id='line_1_28' title="bbox 231 3757 1438 3853; baseline -0.009 -20"><span class='ocrx_word' id='word_1_222' title='bbox 231 3769 391 3853; x_wconf 88' lang='lat' dir='ltr'>apostolus</span> <span class='ocrx_word' id='word_1_223' title='bbox 415 3764 613 3832; x_wconf 88' lang='lat' dir='ltr'>commendat</span> <span class='ocrx_word' id='word_1_224' title='bbox 634 3763 755 3829; x_wconf 74' lang='lat' dir='ltr'>deors:</span> <span class='ocrx_word' id='word_1_225' title='bbox 779 3765 1014 3845; x_wconf 73' lang='lat' dir='ltr'>durissimi,</span> <span class='ocrx_word' id='word_1_226' title='bbox 1037 3779 1142 3830; x_wconf 88' lang='lat' dir='ltr'>nuno</span> <span class='ocrx_word' id='word_1_227' title='bbox 1164 3760 1252 3826; x_wconf 87' lang='lat' dir='ltr'>filii</span> <span class='ocrx_word' id='word_1_228' title='bbox 1273 3757 1346 3825; x_wconf 92' lang='lat' dir='ltr'>Dei</span> <span class='ocrx_word' id='word_1_229' title='bbox 1369 3778 1438 3823; x_wconf 85' lang='lat' dir='ltr'>su-</span> 
     </span>
     <span class='ocr_line' id='line_1_29' title="bbox 232 3864 1438 3961; baseline -0.007 -19"><span class='ocrx_word' id='word_1_230' title='bbox 232 3897 317 3944; x_wconf 90' lang='lat' dir='ltr'>mus</span> <span class='ocrx_word' id='word_1_231' title='bbox 340 3864 573 3943; x_wconf 69' lang='lat' dir='ltr'>etnond&#39;um</span> <span class='ocrx_word' id='word_1_232' title='bbox 606 3875 795 3959; x_wconf 86' lang='lat' dir='ltr'>apparuit</span> <span class='ocrx_word' id='word_1_233' title='bbox 828 3877 921 3961; x_wconf 89' lang='lat' dir='ltr'>quid</span> <span class='ocrx_word' id='word_1_234' title='bbox 953 3879 1113 3944; x_wconf 85' lang='lat' dir='ltr'>erimus.</span> <span class='ocrx_word' id='word_1_235' title='bbox 1155 3871 1315 3939; x_wconf 82' lang='lat' dir='ltr'>Scimus</span> <span class='ocrx_word' id='word_1_236' title='bbox 1340 3888 1438 3954; x_wconf 89' lang='lat' dir='ltr'>quo-</span> 
     </span>
     <span class='ocr_line' id='line_1_30' title="bbox 232 3981 1436 4071; baseline -0.006 -18"><span class='ocrx_word' id='word_1_237' title='bbox 232 3987 337 4053; x_wconf 89' lang='lat' dir='ltr'>niam</span> <span class='ocrx_word' id='word_1_238' title='bbox 360 4007 446 4053; x_wconf 91' lang='lat' dir='ltr'>oum</span> <span class='ocrx_word' id='word_1_239' title='bbox 467 3983 718 4071; x_wconf 88' lang='lat' dir='ltr'>apparuerit</span> <span class='ocrx_word' id='word_1_240' title='bbox 741 3985 899 4054; x_wconf 88' lang='lat' dir='ltr'>similes</span> <span class='ocrx_word' id='word_1_241' title='bbox 922 3989 956 4053; x_wconf 90' lang='lat' dir='ltr'>ei</span> <span class='ocrx_word' id='word_1_242' title='bbox 990 3987 1163 4065; x_wconf 90' lang='lat' dir='ltr'>erimus,</span> <span class='ocrx_word' id='word_1_243' title='bbox 1208 3981 1436 4049; x_wconf 88' lang='lat' dir='ltr'>ridebimus</span> 
     </span>
     <span class='ocr_line' id='line_1_31' title="bbox 232 4095 713 4184; baseline -0.006 -18"><span class='ocrx_word' id='word_1_244' title='bbox 232 4101 437 4167; x_wconf 86' lang='lat' dir='ltr'>enimcum</span> <span class='ocrx_word' id='word_1_245' title='bbox 461 4096 590 4164; x_wconf 92' lang='lat' dir='ltr'>sicuti</span> <span class='ocrx_word' id='word_1_246' title='bbox 613 4095 713 4184; x_wconf 88' lang='lat' dir='ltr'>est.⁴)</span> 
     </span>
    </p>
   </div>
   <div class='ocr_carea' id='block_1_6' title="bbox 332 4287 620 4642">
    <p class='ocr_par' dir='ltr' id='par_1_6' title="bbox 332 4287 620 4642">
     <span class='ocr_line' id='line_1_32' title="bbox 336 4287 590 4360; baseline 0.004 -18"><span class='ocrx_word' id='word_1_247' title='bbox 336 4287 590 4360; x_wconf 55' lang='lat' dir='ltr'>MstQdd</span> 
     </span>
     <span class='ocr_line' id='line_1_33' title="bbox 334 4378 620 4452; baseline 0.003 -18"><span class='ocrx_word' id='word_1_248' title='bbox 334 4383 355 4452; x_wconf 76' lang='lat'>²)</span> <span class='ocrx_word' id='word_1_249' title='bbox 375 4381 392 4434; x_wconf 88' lang='lat'>2</span> <span class='ocrx_word' id='word_1_250' title='bbox 413 4381 527 4445; x_wconf 82' lang='lat' dir='ltr'>Paralip.</span> <span class='ocrx_word' id='word_1_251' title='bbox 546 4378 573 4434; x_wconf 88' lang='lat'>3.</span> <span class='ocrx_word' id='word_1_252' title='bbox 593 4378 620 4435; x_wconf 85' lang='lat'>4.</span> 
     </span>
     <span class='ocr_line' id='line_1_34' title="bbox 333 4472 593 4545; baseline 0.004 -18"><span class='ocrx_word' id='word_1_253' title='bbox 333 4473 355 4545; x_wconf 82' lang='lat'>⁸)</span> <span class='ocrx_word' id='word_1_254' title='bbox 374 4474 430 4526; x_wconf 91' lang='lat' dir='ltr'>cod.</span> <span class='ocrx_word' id='word_1_255' title='bbox 449 4472 593 4528; x_wconf 84' lang='lat' dir='ltr'>fastidium.</span> 
     </span>
     <span class='ocr_line' id='line_1_35' title="bbox 332 4564 563 4642; baseline -0.009 -19"><span class='ocrx_word' id='word_1_256' title='bbox 332 4564 563 4642; x_wconf 42' lang='lat' dir='ltr'>&amp;Lmdi</span> 
     </span>
    </p>
   </div>
   <div class='ocr_carea' id='block_1_7' title="bbox 0 0 1584 5212">
    <p class='ocr_par' dir='ltr' id='par_1_7' title="bbox 0 0 1584 5212">
     <span class='ocr_line' id='line_1_36' title="bbox 0 0 1584 5212; baseline 0 1"><span class='ocrx_word' id='word_1_257' title='bbox 0 0 1584 5212; x_wconf 95' lang='lat' dir='ltr'> </span> 
     </span>
    </p>
   </div>
  </div>
 </body>
</html>
