3168 5214
234 389 298 456 314

233 581 304 628 sum
325 580 381 627 nec
397 561 540 626 deorsum
555 578 617 624 non
633 562 671 625 ad
688 560 843 624 dexteram
859 561 907 625 vel
923 560 1084 625 sinistram
1099 561 1258 640 excedunt,
1280 559 1440 626 nimirum

232 674 429 758 propriorum
459 671 629 755 ponderum
659 669 831 735 rationibus
855 674 886 734 et
909 670 1048 755 signiferi
1071 672 1179 737 circuli
1199 671 1334 756 quadam
1357 689 1441 755 cog·

232 785 357 850 natione
377 783 533 863 infrenati,
568 786 603 847 ut
631 782 675 847 eis
699 783 823 866 evagari
844 801 907 847 nou
928 783 1029 863 liceat,
1064 783 1195 867 ipseque
1216 801 1323 849 eorum
1346 801 1441 848 error

232 898 317 960 certa
337 896 406 978 lege
429 897 579 960 teneatur.
602 894 642 958 at
664 892 740 959 haec
762 894 887 977 quidem
909 897 977 960 loca
1000 914 1108 960 eorum
1134 898 1217 974 sunt,
1242 913 1320 979 quae
1340 898 1438 960 natu-

232 1007 339 1071 raliter
353 1009 512 1090 appetunt,
527 1008 665 1072 ceterum
686 1005 935 1072 circumfundens
959 1026 1010 1072 eos
1033 1009 1119 1072 locus
1142 1005 1249 1071 aether
1263 1006 1434 1091 contiguus

231 1119 289 1195 est,
312 1116 536 1199 quantitativas
558 1135 629 1182 vero
652 1118 739 1183 locus
759 1137 866 1184 eorum
889 1119 1024 1202 spatium
1047 1120 1128 1203 quod
1144 1120 1274 1202 quisque
1288 1119 1436 1204 ipsorum

230 1227 354 1311 propria
385 1228 496 1312 implet
528 1228 741 1313 magnitudine
775 1232 917 1297 videlicet
937 1232 1117 1315 incorporea
1145 1230 1300 1315 capacitas
1323 1231 1437 1295 unius-

231 1339 381 1423 cujusque
403 1339 542 1424 ipsorum
565 1342 715 1424 corporis.

696 1706 806 1774 Gap.
825 1705 971 1760 LXII.

383 1828 429 1895 lle
451 1829 531 1896 locis
553 1830 695 1917 propriis
717 1831 843 1897 animae
865 1829 1018 1897 bifariam
1041 1827 1271 1897 consideratis·

329 2015 389 2081 Sed
412 2015 596 2098 quidnobis
618 2018 679 2082 ista
701 2017 841 2082 locorum
863 2016 1073 2101 corporalium
1093 2014 1227 2099 cognitio
1244 2015 1284 2080 ad
1298 2013 1430 2080 Domini

229 2127 328 2192 nostri
349 2127 427 2194 Jesu
449 2127 564 2195 Christi
594 2128 721 2212 ejusque
752 2129 889 2212 corporis
907 2127 976 2210 jam
997 2127 1184 2192 immortalis
1207 2128 1239 2192 et
1260 2124 1431 2190 invisibilis

228 2236 303 2302 facti
333 2238 437 2302 locum
458 2239 708 2323 investigandum
732 2237 904 2322 proficiunt,
943 2257 978 2303 eo
1013 2239 1096 2322 quod
1117 2236 1284 2304 invisibilia
1307 2239 1339 2301 et
1361 2251 1433 2300 ma·

228 2348 308 2413 rime
329 2347 496 2413 invisibilia
519 2347 580 2413 Dei
602 2349 774 2416 visibilium
795 2351 863 2433 lege
881 2369 943 2414 non
965 2353 1151 2416 teneantur?
1195 2347 1256 2414 Sed
1278 2350 1327 2413 est
1346 2347 1432 2412 inter

227 2458 394 2524 invisibilia
409 2459 470 2524 Dei
492 2478 528 2526 ao
550 2463 658 2526 nostra
679 2460 847 2526 invisibilia
871 2462 972 2526 media
994 2459 1153 2526 rationalis
1176 2459 1288 2539 anima,
1311 2458 1343 2523 iu
1366 2475 1431 2542 qua

229 2570 423 2653 aliquatenus
443 2563 577 2656 'experiri
600 2591 777 2656 possumus,
816 2574 843 2636 si
864 2574 969 2638 locum
991 2572 1088 2637 solius
1112 2569 1276 2636 invisibilis
1298 2568 1357 2634 Dei
1379 2568 1431 2632 in-

229 2683 332 2747 venire
346 2683 514 2749 valeamus.
530 2682 654 2748 Etenim
670 2702 742 2756 oum
757 2685 789 2748 in
804 2683 984 2767 corporibus
1000 2683 1155 2748 trifariam
1168 2683 1273 2747 locum
1288 2681 1431 2764 ipsorum

228 2792 498 2876 assignaverimus,
531 2793 630 2876 primo
654 2794 795 2860 videlicet
813 2812 903 2874 eum,
938 2813 1029 2877 quem
1051 2792 1294 2876 unumquodque
1316 2809 1430 2874 corpus

227 2904 354 2986 appetit,
377 2905 511 2971 secundo
534 2922 614 2983 eum,
650 2907 703 2989 qui
733 2906 810 2971 illud
832 2905 1092 2990 superficietenus
1114 2904 1273 2970 includens
1297 2903 1432 2968 circum·

228 3013 345 3095 scribit,
369 3016 421 3098 qui
444 3017 560 3100 etipse
588 3034 699 3100 corpus
722 3022 780 3096 est,
803 3035 838 3081 eo
860 3017 941 3099 quod
964 3016 1048 3081 omni
1070 3016 1192 3100 corpori
1213 3014 1275 3080 alia
1297 3032 1431 3099 corpora

227 3125 394 3191 terminum
416 3133 542 3212 ponant,
566 3147 602 3195 ac
624 3129 716 3196 tertio
738 3128 949 3211 incorpoream
970 3125 1057 3192 illam
1071 3129 1209 3211 corporis
1225 3126 1430 3211 capacitatem

228 3237 267 3310 ad
289 3257 466 3305 mensuram
488 3241 625 3323 corporis
648 3244 779 3317 tensam,
813 3256 892 3322 quae
921 3257 992 3302 cum
1013 3238 1150 3303 inanitas
1173 3241 1205 3303 et
1225 3256 1323 3323 prope
1350 3237 1432 3304 nihil

227 3349 297 3433 ipsa
311 3349 362 3430 sit,
386 3350 543 3416 soliditate
559 3351 699 3435 corporis
714 3351 804 3433 plena
819 3353 878 3416 est.
900 3349 1032 3415 Nullum
1055 3368 1091 3413 er
1111 3349 1160 3414 his
1183 3348 1284 3415 tribus
1307 3349 1431 3415 animae

228 3459 380 3544 assignari
409 3479 503 3545 posse
538 3465 662 3545 praeter
684 3480 780 3526 unum
802 3462 1017 3541 aestimamus,
1052 3480 1123 3526 eum
1145 3461 1299 3542 videlicet,
1334 3480 1429 3545 quem

227 3571 351 3656 proprie
372 3573 503 3637 naturae
524 3572 657 3654 pondere
679 3572 818 3656 appetit,
840 3589 902 3635 non
922 3572 1003 3654 quod
1025 3572 1125 3654 spatio
1149 3571 1251 3654 aliquo
1274 3571 1357 3637 atris
1379 3572 1430 3638 vel

227 3698 326 3764 aquae
359 3700 482 3748 emenso
505 3684 559 3747 aut
581 3682 680 3748 evicto
714 3683 753 3747 ad
787 3703 879 3748 suum
912 3684 1016 3748 locum
1051 3700 1177 3748 sursum
1210 3684 1260 3747 vel
1282 3682 1429 3748 deorsum

227 3795 373 3878 appetat,
407 3792 562 3875 quomode
585 3793 775 3876 pulvisculus
805 3797 860 3859 aut
881 3793 1007 3877 lapillus
1036 3793 1068 3858 in
1091 3810 1203 3876 aquam
1226 3794 1342 3860 missus
1365 3812 1429 3859 non

227 3901 359 3986 quiescit
391 3903 487 3968 donee
509 3901 549 3966 ad
570 3901 701 3968 fumdum
723 3905 852 3983 venerit,
875 3905 924 3969 vel
947 3910 1001 3969 atr
1023 3905 1158 3970 vesicula
1179 3904 1318 3971 inclusus
1343 3909 1375 3971 et
1395 3906 1429 3971 in

227 4031 340 4099 aquam
363 4015 525 4098 depressus
549 4034 673 4080 sursum
694 4016 734 4080 ad
757 4018 875 4082 socium
897 4021 1003 4082 adrem
1024 4014 1157 4080 festinus
1173 4015 1312 4099 emergit,
1330 4015 1430 4100 ignis·

228 4145 286 4211 que
308 4129 344 4191 ut
365 4126 404 4190 ad
426 4125 474 4190 sui
496 4126 617 4210 generis
641 4127 791 4211 originem
813 4128 970 4193 stlocum
992 4125 1162 4211 perveniat,
1175 4127 1318 4192 immensi
1341 4127 1424 4193 aeris

228 4238 332 4324 spatia
354 4255 478 4302 sursum
500 4237 629 4302 tendens
645 4238 826 4323 perrumpit.
850 4237 911 4304 Sed
934 4237 1080 4321 quoniam
1101 4237 1205 4302 anima
1226 4254 1289 4302 non
1312 4255 1426 4320 corpus

228 4351 283 4416 sed
305 4348 432 4433 spiritus
456 4349 504 4412 est
536 4348 655 4429 pondus
679 4367 801 4433 quoque
831 4348 897 4433 ejus
932 4348 1092 4433 spirituale
1114 4349 1258 4413 voluntas
1282 4347 1426 4412 videlicet

229 4459 294 4546 ejus
317 4462 374 4527 est.
418 4457 541 4524 Iltenim
569 4459 641 4542 quia
669 4459 797 4525 rationis
834 4464 865 4525 et
892 4459 1102 4525 sensualitatis
1134 4476 1261 4543 compos
1290 4457 1428 4524 humana
