3168 5190
194 413 257 477 244

192 584 362 660 insolitum,
387 582 544 665 quomodo
565 581 593 646 si
615 578 779 665 presbyter
801 578 937 658 diaconi,
961 581 1108 663 poscente
1130 577 1162 643 id
1183 595 1286 657 cansa,
1310 583 1404 664 gerat

195 695 344 774 cilicium,
377 711 449 758 oum
471 711 489 757 e
511 691 631 756 diverso
666 690 795 756 diacono
830 690 999 755 sacerdotis
1037 707 1236 773 praesumere
1259 688 1403 754 officinm

191 825 255 873 non
275 807 378 871 liceat.
422 803 474 870 Sic
496 801 579 868 enim
603 803 635 866 et
657 800 818 884 Seraphim
851 801 1021 886 prophetae
1053 818 1191 885 purgans
1221 799 1305 865 labia
1327 818 1403 866 cum

193 937 274 984 unus
296 919 335 982 de
358 915 512 1001 supremis
536 916 620 979 esset
641 910 809 977 virtutibus
832 911 987 977 inferioris
1010 911 1176 977 ministerii
1190 911 1311 995 peregit
1326 909 1401 975 offi-

192 1031 285 1109 cinm,
320 1028 402 1094 sicut
423 1043 505 1092 nnnc
527 1026 589 1090 iste
610 1023 768 1108 pertentor
799 1024 929 1107 angelus
961 1023 1062 1107 primo
1085 1023 1228 1106 pellendo
1251 1021 1400 1087 tenebras

192 1158 229 1207 ao
260 1140 406 1205 timorem
438 1136 621 1214 consolans,
655 1135 823 1216 postquam
856 1133 1030 1199 doctrinam
1062 1133 1204 1200 veritatis
1237 1133 1403 1198 insinuans

193 1251 373 1337 purgatoris
396 1248 490 1316 simul
505 1249 537 1312 et
550 1243 771 1314 illuminatoris
793 1243 964 1310 incidenter
986 1245 1109 1331 peregit
1132 1245 1281 1312 officium.
1304 1243 1402 1312 Sient

192 1365 298 1428 autem
319 1379 435 1427 nomen
456 1359 629 1426 Michaelis.
652 1359 735 1443 quod
758 1356 982 1443 interpretatur
1007 1361 1095 1445 „quis
1111 1364 1148 1426 nt
1161 1360 1266 1425 Deus“
1291 1377 1403 1443 snper·

192 1473 262 1540 biae
285 1474 489 1540 conterendae
519 1474 552 1538 et
572 1470 744 1538 humilitati
774 1471 978 1536 insinuandae
1011 1490 1185 1557 congruens
1218 1470 1404 1555 perfetionis

192 1587 331 1653 insinuat
354 1585 508 1652 officinm:
540 1583 585 1649 ita
606 1584 744 1664 Gabriel,
767 1585 850 1668 quod
872 1590 922 1649 est
947 1582 1117 1659 „fortitudo
1140 1586 1218 1651 Dei“
1242 1583 1405 1649 illumina-

192 1697 270 1764 toris
293 1700 325 1763 et
339 1696 480 1782 Rapbael
500 1697 584 1779 quod
607 1699 656 1762 est
676 1695 916 1780 interpretatum
938 1695 1112 1774 „medicina
1126 1695 1205 1762 Dei“
1222 1694 1404 1781 purgatoris

192 1808 294 1874 officio
318 1808 471 1892 oongmit.
515 1807 605 1872 Unde
627 1808 659 1872 et
681 1804 808 1872 Gabriel
824 1803 916 1888 jnrta
938 1824 1053 1871 nomen
1088 1824 1182 1872 snum
1204 1809 1235 1872 et
1259 1806 1404 1872 officium

191 1919 345 2005 virginem
360 1918 463 1984 Verbo
487 1901 734 1983 foecundandam
756 1935 794 1980 ne
818 1919 947 2001 stupore
969 1916 1088 1983 insoliti
1110 1916 1253 1983 miraculi
1276 1915 1405 1982 deficiat

193 2029 304 2097 abacto
337 2030 449 2097 timore
482 2028 636 2095 blanditia
664 2027 832 2093 verborum
864 2028 985 2093 solatur
1007 2030 1038 2092 et
1060 2026 1218 2093 confortat
1251 2027 1345 2092 simul
1367 2030 1404 2092 et

193 2143 310 2208 virtute
346 2140 491 2208 altissimi
524 2159 563 2205 ne
598 2139 722 2224 corpori
757 2138 903 2223 virginali
939 2138 1143 2204 intolerabilis
1181 2138 1334 2204 efficiatur
1369 2139 1400 2202 ei

195 2251 374 2318 obumbrari
409 2251 576 2336 promittit.
621 2249 772 2316 Similiter
808 2252 915 2316 autern
951 2252 983 2315 et
1018 2248 1203 2334 prophetam
1235 2250 1403 2316 Danielem

196 2371 323 2451 stupore
342 2362 470 2429 visionis
494 2362 727 2427 consternatum
756 2361 840 2428 idem
862 2361 991 2429 Gabriel
1011 2362 1113 2448 primo
1135 2362 1227 2448 erigit
1248 2380 1285 2427 ac
1306 2363 1401 2448 pulso

195 2479 307 2546 timore
340 2475 497 2542 confortat
529 2473 575 2538 ita
607 2477 644 2540 ut
665 2475 749 2540 dicat
770 2475 841 2540 ille:
885 2475 1073 2557 Loquere
1105 2473 1270 2539 Domine
1307 2473 1404 2557 qnia

196 2587 456 2656 confortasti
486 2587 577 2671 me1)
609 2603 645 2652 ac
678 2585 787 2651 deinde
821 2583 996 2651 confortato
1030 2585 1217 2650 sacramenti
1249 2584 1404 2667 mysteria

196 2702 322 2767 revelet.
345 2699 406 2767 Sed
427 2701 459 2766 et
473 2698 627 2764 Dominus
649 2696 719 2782 ipse
741 2696 841 2761 sciens
864 2695 1048 2762 fortitudine
1069 2696 1165 2761 animi
1186 2696 1219 2761 in
1240 2694 1403 2779 mysteriis

197 2812 368 2879 ediscendis
404 2829 481 2894 opus
516 2829 584 2875 osse
617 2808 741 2875 mulieri
764 2807 979 2874 Samaritanae
1014 2825 1114 2892 aquae
1146 2807 1279 2873 viventis
1300 2805 1341 2872 ab
1364 2826 1403 2873 eo

196 2925 307 3008 potum
329 2922 517 2988 desideranti
539 2920 640 2988 dicere
662 2940 725 2987 non
747 2918 919 2986 dubitavit:
942 2938 1019 2986 voca
1038 2921 1142 2986 virum
1163 2923 1265 2986 tuum.
1288 2921 1402 3004 ltaque

198 3032 344 3114 qnoniam
365 3030 398 3095 in
420 3030 592 3098 ediscendis
625 3029 752 3097 secretis
775 3029 962 3096 coelestibus
984 3029 1137 3097 fortitudo
1160 3031 1258 3096 animi
1280 3051 1407 3116 semper

196 3141 371 3208 necessaria
393 3144 441 3207 est
462 3142 591 3226 angelus
624 3141 822 3206 illuminator
857 3146 941 3207 recte
964 3141 1119 3208 Gabrielis
1140 3143 1163 3208 i.
1186 3159 1211 3206 e.
1233 3141 1408 3209 fortitu·

198 3253 298 3319 dinis
320 3253 393 3319 Dei
425 3271 539 3320 nomen
561 3253 692 3321 sortitus
715 3257 772 3318 est.
805 3253 945 3336 Raphael
967 3272 1092 3336 quoqne
1113 3271 1176 3319 non
1196 3252 1408 3336 inocngmum

197 3364 374 3450 purgatoris
397 3363 501 3430 officio
523 3383 637 3432 nomen
654 3364 790 3445 obtinet;
812 3366 1037 3452 interpretatur
1059 3367 1141 3433 enim
1163 3367 1199 3430 ut
1221 3367 1333 3430 notum
1355 3369 1409 3432 est

197 3475 392 3542 medicina
414 3477 496 3542 Dei.
522 3475 669 3562 Purgatio
692 3494 826 3561 namque
847 3460 971 3544 morum
986 3479 1051 3544 sive
1065 3477 1233 3543 humorum
1247 3478 1407 3543 malornm

198 3605 261 3653 non
281 3605 376 3671 parra
397 3587 431 3652 in
451 3606 581 3673 corpore
602 3590 652 3654 vel
674 3589 778 3654 anima
799 3589 970 3655 medicinae
991 3587 1092 3673 portio
1116 3592 1175 3656 est.
1200 3586 1309 3670 Neque
1329 3606 1404 3653 vero

199 3699 317 3786 sanitas
340 3697 461 3764 stabilis
495 3699 615 3764 animae
638 3701 687 3766 rei
709 3701 849 3785 corporis
881 3701 1056 3786 recuperari
1088 3699 1203 3783 poterit
1231 3698 1292 3764 nisi
1314 3697 1407 3783 prins

199 3809 383 3892 purgatione
414 3810 463 3874 vel
494 3811 631 3876 naturali
664 3813 712 3878 vel
735 3812 926 3878 medicorum
962 3815 1029 3878 arte
1061 3813 1187 3897 provisa
1220 3808 1408 3878 morborum

200 3937 312 3986 causae
334 3920 542 3987 succidentur.
566 3921 617 3988 Sic
640 3923 722 3987 enim
743 3942 800 3990 nec
821 3923 970 4008 Raguelis
993 3925 1099 3990 domui
1115 3943 1171 3989 nee
1186 3921 1282 3988 Tobis
1305 3921 1410 3988 oculis

200 4033 273 4095 ante
294 4030 411 4096 sanitas
434 4031 576 4113 provenit
609 4034 706 4099 donec
728 4036 760 4099 et
783 4034 982 4100 daemonium
1000 4035 1114 4120 J‘ecoris
1135 4033 1314 4100 incensione
1336 4034 1411 4118 pnl-

201 4159 272 4206 sum
294 4143 342 4205 est
365 4143 396 4205 et
417 4140 532 4226 albugo
566 4143 719 4210 visionem
747 4144 919 4229 impediens
942 4143 983 4211 ab
1006 4145 1096 4211 oculo
1118 4143 1200 4210 fellis
1224 4145 1273 4210 est
1293 4142 1412 4229 piscini

201 4250 396 4336 appositione
419 4251 566 4368 detracta.
612 4253 724 4320 Medici
748 4273 870 4339 quoque
900 4255 1079 4340 spirituales
1112 4257 1266 4321 noverunt
1287 4253 1413 4320 malitia

468 4373 493 4415 ⁴

306 4505 324 4564 ¹)
342 4504 407 4561 Dan.
429 4502 472 4558 10.
495 4505 536 4559 19.
