3172 5202
1258 395 1321 462 139

129 575 170 638 et
190 568 482 638 discessionem
504 564 549 633 de
570 562 638 633 sub
659 565 859 633 Romanas
880 563 1076 632 eeclesiae
1098 563 1321 634 obedientia

128 703 200 770 per
221 683 347 750 talem
370 679 642 762 contemptum
664 675 945 742 scandalorum
966 677 1167 762 parturiri
1188 679 1323 744 timen-

130 797 218 862 dum
241 796 319 874 est,
342 793 453 859 siout
473 808 493 857 a
514 788 685 856 Graecis
715 805 870 872 quoqne
886 785 970 870 jam
992 788 1085 854 olim
1106 789 1323 855 discessum

130 910 194 974 est
237 909 333 991 atque
364 905 410 971 its
445 902 615 969 revelatum
637 899 675 966 iri
697 897 797 982 tilium
819 899 1012 984 perditionis,
1047 901 1074 966 si
1106 903 1211 966 tamen
1246 900 1324 967 baeo

130 1019 179 1085 rel
200 1017 274 1084 talis
308 1020 358 1084 ost
379 1015 536 1095 discessio,
571 1030 664 1098 quam
697 1010 852 1096 signifieat
883 1012 1052 1096 apostolus,
1086 1011 1208 1079 dioensz
1241 1011 1324 1076 nisi

128 1126 279 1195 venerit
300 1125 497 1195 discessio
520 1125 732 1212 primum¹)
755 1129 786 1192 et
808 1127 919 1192 oetera.

580 1539 691 1608 Cap.
710 1536 893 1595 van.

129 1661 177 1731 be
199 1661 404 1751 expeditione
418 1662 479 1731 illa
492 1661 765 1750 Jemsdymtaus
781 1662 851 1730 tota
865 1660 1061 1747 enniana,
1076 1681 1169 1752 quam
1183 1662 1326 1734 avaritia

653 1775 765 1844 suasit.
783 1775 809 1859 s)

232 1959 400 2030 Videamus
412 1965 517 2029 autem
538 1982 593 2048 por
614 1981 712 2031 unum
733 1983 769 2030 ex
790 1963 839 2031 bis
862 1964 1055 2046 consiliariis,
1078 1968 1243 2049 quaestum
1254 1962 1323 2033 dioo

128 2073 182 2140 vel
202 2072 375 2154 avaritiam,
409 2075 499 2158 quale
520 2077 732 2158 quantumque
753 2076 881 2158 malum,
915 2079 1031 2159 quauta
1063 2077 1166 2144 olades
1201 2079 1233 2142 et
1253 2094 1326 2161 per·

129 2184 223 2252 nities
244 2183 278 2250 in
299 2187 400 2250 totam
420 2183 536 2268 ubique
562 2188 715 2274 terrarum
737 2187 900 2252 eeclesiam
920 2188 1082 2272 prooessit.

229 2297 347 2364 Recens
368 2301 454 2365 tenet
475 2298 633 2378 memoria,
655 2316 727 2364 nam
750 2302 822 2365 ante
842 2317 939 2365 annos
963 2300 1194 2384 quatuordeeim
1232 2301 1323 2384 gesta

130 2411 216 2492 sunt,
240 2425 320 2493 quae
339 2409 586 2496 perstrinximus.
601 2406 628 2494 ³)
649 2409 798 2478 Exierunt
811 2413 837 2489 ⁴)
859 2430 880 2476 a
901 2412 1026 2479 civitate
1047 2413 1244 2497 ierosolyma
1264 2410 1327 2477 fre·

131 2525 262 2608 quantes
284 2521 401 2603 nuntii,
423 2538 572 2605 personae
593 2523 682 2589 vultu
704 2527 735 2589 et
756 2526 858 2590 aetate
879 2524 1078 2607 uenerabiles,
1100 2525 1203 2590 adiere
1224 2523 1326 2590 eunias

131 2652 243 2719 regum
264 2650 301 2700 ao
322 2633 507 2718 principum,
543 2633 650 2719 ipsum
683 2654 805 2719 quoque
826 2637 895 2720 piae
916 2636 1083 2702 memoriae
1106 2635 1326 2721 quaerimoniis

130 2745 198 2810 suis
229 2762 344 2830 papam
377 2741 587 2811 sollicitabant
609 2745 782 2828 Eugenium
814 2764 871 2812 neo
896 2765 957 2812 non
981 2749 1012 2812 et
1033 2744 1182 2811 abbatem
1204 2744 1326 2811 Clarae·

131 2857 235 2936 vallis,
269 2859 447 2924 columnam
481 2856 630 2924 ecelesiae
651 2873 687 2922 ao
721 2857 873 2924 luminare
904 2856 1069 2943 fulgidum,
1106 2858 1269 2942 episeopus
1291 2871 1328 2922 ao

131 2968 350 3055 episcoporum
371 2968 476 3034 adiere
496 2968 627 3034 oonoilia
659 2967 852 3035 calamitates
874 2973 999 3036 sanotae
1022 2969 1105 3036 illius
1127 2968 1259 3035 civitatis
1281 2968 1327 3033 la·

131 3077 286 3148 animabili
308 3080 518 3164 quaerimonia
539 3080 726 3164 deponentes
749 3080 881 3164 qualiter
896 3079 1038 3148 videlieet
1053 3084 1161 3165 gentes
1176 3078 1327 3144 finitimae

131 3196 279 3258 sanetum
301 3191 390 3257 illum
411 3192 516 3257 locum
531 3190 722 3272 infestarent,
746 3193 878 3274 qualiter
892 3192 955 3259 illie
970 3192 1074 3257 omnia
1088 3190 1328 3257 christianorum

131 3307 202 3371 looa
223 3307 256 3369 et
275 3302 483 3369 habitationes
516 3302 661 3370 oaedibus
695 3311 726 3372 et
757 3306 844 3370 luctu
877 3305 1075 3388 complerent,
1114 3302 1263 3368 incendiis
1296 3304 1327 3369 et

130 3415 248 3503 praeda
281 3417 448 3496 vastarent,
480 3415 584 3480 omnia
610 3415 740 3499 jamque
772 3416 920 3482 interesse
950 3415 1025 3500 quin
1057 3415 1261 3499 congregatae
1293 3412 1327 3479 in

130 3544 230 3593 unum
262 3528 404 3592 sanatam
436 3525 594 3591 civitatem
626 3528 659 3590 et
691 3524 892 3610 sepulchrum
925 3524 1123 3609 requietionis
1156 3523 1327 3590 dominioae

132 3636 244 3705 oooisis
276 3632 503 3700 habitatoribus
526 3631 586 3700 sibi
608 3634 761 3717 tollerent,
797 3634 857 3700 nisi
892 3634 1075 3717 quantocius
1097 3633 1142 3699 eis
1161 3649 1180 3698 a
1201 3630 1326 3721 regibus

236 3896 257 3966 ¹)
275 3895 312 3953 11.
332 3898 423 3952 Thess.
442 3896 468 3952 2.
489 3896 515 3952 3.

235 3995 255 4066 ¹)
273 3997 308 4049 ds
325 3996 374 4048 beo
394 3995 602 4062 expeditionem
622 4003 752 4053 somment.
772 3999 814 4053 ad.
834 3998 878 4057 Ps.
897 3997 1031 4053 XXXIX.
1042 3998 1326 4059 Psatbesauaaneod.

276 4099 334 4150 tom.
360 4095 392 4151 V.
417 4097 466 4151 ool.
492 4095 559 4159 7923
585 4097 619 4149 de
644 4100 726 4164 prime
751 4113 811 4151 raro
835 4097 998 4165 expeditione
1022 4101 1049 4152 iu
1067 4096 1160 4154 Gomm
1179 4102 1206 4154 in
1224 4103 1328 4156 tertiam

276 4195 372 4258 partem
390 4191 549 4278 Psqlmorum
566 4194 592 4246 in
612 4189 673 4250 God.
695 4195 798 4250 Moneo.
819 4193 916 4252 16012.
936 4197 996 4250 vide
1014 4198 1093 4262 Baob,
1113 4197 1207 4254 Probet
1224 4198 1328 4252 Gerbob

276 4305 324 4344 ron
343 4291 537 4359 Reiebersbsrg.
556 4308 615 4361 pag.
634 4292 678 4348 23.

236 4404 257 4470 ⁸)
274 4418 339 4455 sono
358 4402 428 4458 1147
449 4397 490 4469 ·{-
512 4401 547 4460 14
568 4418 611 4442 =
632 4405 708 4462 1161.

236 4500 258 4572 ⁴)
276 4502 375 4557 Eodem
393 4503 449 4558 Iere
467 4503 548 4558 verbs
566 4506 627 4561 ride
645 4503 737 4564 Obroo.
759 4507 849 4564 Beiob.
868 4507 910 4563 sd.
931 4523 955 4562 a.
976 4507 1054 4564 1147.
