3168 5214
1262 377 1324 442 303

118 541 242 626 ,Nemo
257 542 340 610 enim
352 543 429 609 dicit
443 546 615 612 Dominum
632 548 654 615 J
656 566 754 625 esum,
778 543 838 609 nisi
852 544 885 607 in
901 543 1020 629 Spiritu
1043 549 1160 613 sancto.
1183 547 1325 632 Abyssos

117 653 287 739 ,opinione
304 655 331 718 si
346 659 498 738 penetres
515 657 579 723 illic
596 677 717 742 quoque
728 658 751 724 J
752 677 840 722 esum
852 656 970 722 videbis
984 657 1144 742 operari.¹)
1168 656 1327 742 Scriptum

119 769 190 850 ,est
217 765 319 830 enim:
343 767 753 834 Nedirerisinoorde
776 771 862 834 tuo:
887 768 976 853 quis
999 769 1328 836 ascenditinooe·

118 878 222 961 „lum
243 879 264 944 i.
289 897 315 944 e.
350 877 561 945 Christum
596 881 790 946 deducere
825 882 897 944 aut
931 880 1022 963 quis
1055 880 1267 946 descendet
1288 881 1328 945 in

119 988 327 1073 „abyssum
349 992 424 1056 hoc
446 996 510 1058 est
532 990 743 1058 Christum
767 1010 813 1056 en
834 990 1043 1077 mortuis2)
1066 994 1220 1058 reducere.
1266 993 1329 1059 Ubi

118 1119 214 1185 ,ergo
236 1120 299 1166 non
322 1105 379 1182 est,
403 1103 455 1186 qui
480 1104 635 1184 coelestia,
657 1103 828 1183 terrestria,
863 1103 984 1169 inferna
1006 1106 1198 1188 complevit?
1243 1106 1328 1170 Bene

122 1231 216 1296 ,ergo
240 1230 384 1297 magnus,
399 1212 487 1296 cujus
500 1215 598 1280 virtus
612 1216 763 1280 mundum
780 1215 922 1301 replerit,
945 1216 997 1297 qui
1020 1215 1134 1298 ubique
1155 1219 1203 1281 est
1225 1216 1330 1281 eterit

122 1343 267 1408 „semper
290 1324 361 1407 quia
382 1325 471 1408 regni
483 1325 550 1408 ejus
563 1345 626 1390 non
639 1326 697 1391 erit
710 1327 814 1392 linis“
839 1327 925 1391 Haeo
940 1329 1044 1409 patres
1066 1327 1173 1410 magni
1196 1327 1270 1391 dum
1292 1327 1330 1391 de

118 1433 336 1518 magnitudine
358 1435 436 1502 Jesu
458 1436 580 1501 infinite
602 1441 634 1500 et
655 1435 883 1501 interminabili
906 1438 999 1518 atque
1021 1437 1242 1502 inaestimabili
1265 1437 1327 1502 dil·

119 1541 244 1626 finiunt,
278 1565 335 1610 nos
359 1547 425 1631 ejus
448 1547 657 1632 magnitudini
686 1548 770 1631 leges
793 1565 907 1630 ponere
929 1549 1035 1611 vetant
1058 1546 1187 1630 ejusque
1210 1566 1325 1632 corpus

121 1654 333 1740 glorificatum
356 1659 535 1723 nostrorum
557 1663 750 1724 terrenorum
787 1658 929 1723 videlicet
950 1678 1009 1722 usu
1032 1677 1197 1743 corporum
1219 1659 1326 1723 locell-

120 1765 182 1832 bus
204 1769 359 1852 angustiis
392 1771 480 1853 quasi
503 1771 649 1836 carcerali
683 1770 842 1836 custodiae
875 1771 1032 1834 includere
1053 1769 1208 1834 humanae
1230 1769 1326 1834 aesti-

122 1878 273 1943 mationis
308 1880 452 1964 opinione
474 1880 651 1966 prohibent.
696 1880 819 1946 Etenim
843 1880 870 1946 si
891 1879 954 1945 luci
975 1881 1199 1964 inaccessabili,
1236 1899 1329 1964 quam

123 1989 247 2055 habitat
268 1991 371 2072 Peter,
397 2010 475 2075 quae
496 2011 559 2058 non
581 1995 665 2060 aliud
687 2011 705 2057 a
727 1993 822 2057 Patre
844 1995 900 2072 est,
925 1993 1044 2075 Deique
1067 1993 1235 2076 sapientiae
1258 1992 1329 2057 ubi·

126 2104 337 2186 quopropter
370 2121 460 2167 suam
490 2105 677 2169 munditiam
699 2103 866 2188 attingenti
888 2104 965 2168 nihil
988 2103 1217 2183 absconditum,
1251 2102 1330 2167 nihil

126 2216 293 2292 remotum,
317 2213 395 2279 nihil
418 2216 568 2294 clausum,
607 2216 684 2279 nihil
706 2215 910 2296 inaccessum,
935 2214 1089 2300 quomodo
1112 2215 1231 2280 homini
1253 2215 1331 2282 Jesu

127 2325 160 2388 in
184 2327 313 2390 eandem
348 2327 449 2390 lucem
482 2327 574 2410 plene
607 2347 661 2410 per
684 2328 820 2410 gratiam
843 2329 937 2394 simul
960 2331 990 2392 et
1015 2326 1187 2392 nativitatis
1211 2327 1332 2391 divinae

128 2437 266 2503 divinem
288 2437 382 2503 etiam
406 2437 575 2502 secundum
598 2438 760 2503 hominum
782 2443 936 2519 naturum,
974 2439 1102 2520 insuper
1124 2441 1155 2502 et
1178 2436 1217 2502 ob
1240 2437 1332 2501 meri-

126 2551 196 2612 tum
220 2547 413 2614 obedientiae
447 2551 608 2632 assumpto
647 2549 813 2633 quicquam
836 2535 1030 2615 inaccessum
1053 2549 1101 2613 vel
1122 2529 1264 2613 clausum
1285 2566 1333 2612 ar·

128 2658 325 2742 bitrabimur,
361 2661 525 2745 quominus
560 2661 659 2743 possit
686 2661 826 2726 inomni
859 2662 927 2726 loco
962 2659 1181 2725 dominationis
1205 2677 1279 2724 suae
1301 2659 1334 2724 in

126 2770 254 2854 proprio
279 2790 417 2856 corpore,
440 2775 533 2854 prout
556 2773 650 2836 saluti
671 2791 793 2853 eorum,
817 2793 873 2857 pro
899 2771 1010 2857 qulbus
1032 2772 1114 2836 idem
1136 2773 1333 2853 assumptum

128 2885 179 2946 est
200 2901 322 2965 corpus,
345 2885 521 2968 apparere?

232 2993 267 3058 Si
288 3013 369 3059 unus
393 2993 548 3078 quispiam
571 2997 686 3062 Christi
710 3015 828 3075 servus
863 2997 1067 3062 Benedictum
1089 2997 1209 3078 loquor,
1233 2994 1334 3060 adhuc

129 3106 165 3170 in
189 3122 281 3170 carne
305 3107 418 3190 degens
453 3111 580 3174 eatenus
610 3111 649 3173 ad
672 3111 773 3173 lucem
795 3108 882 3172 illem
902 3125 1007 3172 veram
1028 3107 1184 3171 admissus
1207 3109 1264 3186 est,
1299 3109 1336 3170 ut

81 3263 84 3269 ,
130 3218 160 3284 ei
183 3221 269 3284 totus
303 3221 438 3285 mundus
472 3225 637 3306 appareret
670 3221 759 3304 qnasi
779 3221 811 3284 in
834 3218 920 3283 brevi
957 3216 1089 3300 sphaera
1110 3217 1270 3298 collectus,
1302 3217 1336 3281 in

131 3348 193 3414 qua
216 3332 311 3396 etiam
344 3334 412 3398 luce
446 3336 494 3400 vel
517 3333 648 3418 sphaera
671 3330 828 3408 Germani,
865 3327 1000 3410 capuani
1020 3327 1165 3410 episcopi,
1198 3327 1336 3391 animam

131 3443 240 3509 eadem
276 3444 352 3508 hora
375 3446 412 3512 de
434 3463 526 3512 earne
558 3444 723 3528 migrantis
753 3443 830 3506 vidit
853 3441 954 3505 coelos
975 3438 1191 3517 conscendere,
1215 3438 1252 3501 de
1275 3455 1336 3520 qua

132 3551 252 3618 visione
283 3551 393 3621 beatus
427 3555 653 3640 Gregorius
698 3555 737 3618 ad
771 3553 901 3617 Petrum
934 3549 997 3631 alt,
1034 3549 1179 3632 quoniam
1215 3549 1336 3615 animae

132 3662 251 3728 videnti
296 3663 398 3731 Deum
442 3670 576 3751 angusta
622 3666 663 3730 sit
699 3663 798 3730 omnis
833 3666 995 3740 creatura,
1041 3678 1101 3742 quo
1148 3657 1339 3742 significavit

132 3775 235 3860 magis
258 3775 394 3841 animam
416 3777 546 3844 theorici
569 3777 652 3842 illius
676 3776 708 3839 in
730 3775 849 3840 visione
871 3773 1041 3850 dilatatam,
1066 3789 1160 3853 quam
1183 3771 1334 3834 mnndum

133 3883 233 3950 fuisse
254 3885 446 3968 breviatum,
481 3891 597 3971 quanto
633 3885 733 3969 magis
756 3883 874 3949 homini
897 3882 1020 3948 Christo
1054 3899 1116 3944 non
1149 3885 1336 3960 mensurate,

134 3995 189 4060 sed
211 3996 303 4081 plene
323 4001 417 4082 atque
447 3999 582 4082 perfecte
615 3997 771 4080 potentias
795 3995 934 4079 ejusdem
956 3990 1035 4055 lucis
1058 3991 1198 4075 ingresso
1222 3991 1337 4054 eidem·

135 4125 195 4189 que
228 4107 291 4172 luci
325 4109 568 4175 coessentialiter
601 4111 632 4174 et
654 4106 885 4174 conformaliter
918 4103 1005 4169 unito
1039 4102 1221 4185 animaeque
1254 4101 1337 4167 illius

135 4217 277 4302 ejuedem
310 4221 389 4288 lucis
413 4220 627 4307 spiritualibus
667 4219 777 4304 spatiis
800 4219 831 4283 in
854 4217 1042 4282 immensum
1065 4214 1212 4280 dilatatae
1236 4213 1336 4278 omnis

139 4393 145 4402 ι
153 4391 388 4400 -.—--·--——-=

240 4457 259 4532 ¹)
278 4463 319 4518 ed.
339 4463 418 4517 deest.
439 4463 548 4530 operari.
576 4489 599 4497 ·-
625 4455 645 4527 ²)
663 4460 733 4512 Rom.
754 4458 797 4513 ll.
818 4459 844 4513 6.
