3158 5212
195 1453 366 1581 Plltlllil
400 1453 441 1648 d
477 1453 669 1601 lutatam
703 1451 923 1579 llrrlalrn
954 1451 1215 1609 tlltnyuan
1245 1447 1401 1608 lapitri

628 1645 770 1772 tuidi
806 1643 984 1792 praesuli

435 1892 493 1948 do
512 1893 870 1963 investigatione
888 1891 1180 1947 Antichriuti.

303 2093 423 2223 lingit
456 2157 477 2202 a
509 2156 561 2202 me
598 2141 656 2202 tna
689 2141 805 2202 sancta
827 2134 984 2219 dignatio,
1024 2136 1153 2203 domine
1186 2155 1225 2202 ac
1258 2135 1409 2220 poterin

201 2233 332 2304 Christo
369 2239 487 2306 dilecte
525 2240 712 2307 Eberharde
750 2240 947 2306 Juvavensis
992 2241 1149 2307 ecclesiae
1187 2239 1410 2324 archipraesul

201 2342 405 2427 venerande,
444 2351 481 2410 ut
517 2365 613 2412 sensa
651 2365 724 2410 mea
757 2343 798 2408 de
831 2344 1083 2430 investigatione
1116 2344 1299 2412 antichristi
1332 2349 1409 2409 tuae

201 2446 369 2513 sanctitati
402 2449 551 2530 scribam,
575 2469 613 2514 eo
636 2449 724 2531 quod
747 2448 936 2533 opusculum
972 2449 1099 2534 pridem
1121 2469 1193 2515 meo
1213 2449 1325 2514 labore
1348 2447 1408 2513 snb

201 2547 262 2612 tali
284 2549 378 2616 titulo
413 2551 595 2618 confectum
632 2573 671 2618 ac
708 2551 810 2618 semel
832 2552 866 2618 in
888 2553 968 2638 ipsis
1001 2554 1108 2621 adhuc
1140 2553 1281 2620 scedulis
1302 2553 1337 2617 in
1358 2571 1409 2617 ro·

201 2671 332 2717 manam
355 2657 477 2721 curiam
498 2657 661 2741 perlatum
683 2655 832 2722 rehaberi
854 2659 1037 2741 nequiverit
1059 2658 1170 2742 sicque
1193 2665 1226 2723 et
1248 2677 1319 2722 meo
1334 2654 1409 2722 usui

202 2762 234 2821 et
257 2762 333 2823 tuae
356 2760 488 2826 lectioni
521 2768 728 2846 praereptum
751 2763 803 2826 sit.
849 2763 892 2827 Et
914 2762 1020 2828 fateor
1042 2782 1123 2846 opus
1147 2761 1287 2845 quidem,
1321 2759 1409 2844 quod

201 2861 332 2944 petitur,
353 2864 490 2929 arduum
525 2867 675 2947 existere,
710 2864 797 2947 quod
819 2865 959 2932 antehac
982 2867 1120 2933 fortasse
1157 2888 1222 2932 non
1244 2873 1312 2932 tam
1332 2885 1407 2951 pru·

201 2965 314 3032 dentia
337 2989 433 3051 quam
456 2971 639 3036 temeritate
663 2971 899 3055 temptaverim,
924 2970 1010 3036 unde
1033 2971 1131 3037 velim
1154 2971 1236 3036 alios
1259 2971 1294 3035 id
1317 2989 1407 3036 assu·

201 3090 289 3136 mere
322 3092 380 3156 per
402 3093 483 3157 quos
506 3074 742 3160 competentius
776 3074 900 3159 expleri
933 3075 1048 3160 possit,
1087 3075 1230 3158 qualium
1260 3074 1408 3140 nonnulli

200 3183 312 3241 nostro
343 3177 498 3259 ctiamin
520 3185 665 3263 tempore
698 3179 760 3245 viri
793 3178 1003 3244 illustrissimi
1030 3181 1224 3244 exstiterunt
1246 3184 1280 3244 et
1302 3177 1409 3245 adhuc

199 3280 347 3366 plerique
369 3288 543 3366 supersunt
564 3285 625 3349 toti
646 3283 714 3349 fere
736 3281 867 3364 mundo,
889 3282 1030 3349 maxime
1053 3289 1162 3349 autem
1184 3282 1408 3368 spiritualibus

201 3404 243 3450 ex
277 3387 416 3453 lectione
449 3407 580 3453 snorum
614 3408 748 3473 operum
776 3388 897 3470 cogniti
925 3394 958 3454 et
981 3387 1101 3454 dilecti.
1145 3388 1221 3453 Non
1241 3389 1327 3453 enim
1348 3386 1407 3453 hu·

200 3509 299 3555 mano
320 3511 417 3558 sensu
440 3492 586 3578 expediri
619 3490 716 3579 pos'se
745 3491 885 3558 arbitror
906 3491 966 3558 sed
988 3492 1099 3569 divina
1131 3493 1331 3560 revelatione
1364 3492 1408 3558 ad

202 3594 451 3678 intelligendum
485 3603 542 3662 aut
565 3596 792 3683 exponendum
815 3595 997 3680 iniqnitatis
1020 3597 1209 3682 mysterium
1231 3618 1312 3683 opus
1335 3617 1407 3664 esse

201 3700 395 3784 putaverim.
419 3700 513 3768 Unde
536 3702 713 3787 Apostolus
737 3720 864 3784 qnoque
887 3702 1022 3784 loquens
1044 3700 1120 3767 inde
1142 3702 1351 3768 revelationis
1374 3707 1408 3766 et

200 3803 347 3887 mysterii
370 3807 504 3872 verbum
537 3827 576 3872 ao
609 3807 791 3872 nominibus
826 3804 980 3872 utendum
1000 3809 1140 3890 putavit,
1174 3811 1210 3871 ut
1233 3806 1405 3887 reveletur,

204 3906 364 3991 inquiens,
390 3910 423 3974 in
445 3929 504 3976 sno
529 3918 683 3996 tempore,
707 3931 793 3976 narn
816 3910 1062 3995 mysterium
1090 3910 1175 3995 jam
1209 3917 1407 3996 operatur

201 4012 496 4099 iniquitatis.¹)
541 4013 596 4080 Sic
628 4034 745 4100 nempe
768 4021 800 4081 et
830 4014 1037 4099 prodigiosus
1073 4016 1129 4081 ille
1153 4013 1273 4081 Christi
1294 4014 1406 4082 vendi·

201 4117 301 4183 tionis
336 4118 483 4184 minister
520 4118 624 4186 Judas
660 4140 726 4186 non
762 4119 904 4185 humana
941 4119 1124 4206 suspicione
1163 4119 1205 4185 ab
1238 4120 1407 4206 Apostolis

202 4219 394 4286 aestimatus
427 4223 479 4287 vel
501 4223 632 4307 agnitus
666 4228 716 4290 est
745 4223 804 4290 sed
826 4223 948 4290 domini
982 4223 1207 4309 designatione
1229 4223 1405 4311 discipulo,

201 4344 297 4411 quem
311 4324 480 4412 diligebat,
503 4328 675 4410 revelatus,
700 4329 755 4412 qui
777 4333 811 4393 et
825 4328 972 4394 recubuit
993 4328 1028 4394 in
1049 4348 1152 4395 coena
1173 4347 1272 4414 super
1292 4333 1407 4414 pectus

236 4471 454 4478 ---......----—..

307 4540 327 4610 ι)
346 4541 363 4594 2
383 4541 460 4596 nnus.
481 4539 506 4596 a.
528 4541 553 4596 s.
