<?xml version="1.0" encoding="UTF-8"?>
<!DOCTYPE html PUBLIC "-//W3C//DTD XHTML 1.0 Transitional//EN"
    "http://www.w3.org/TR/xhtml1/DTD/xhtml1-transitional.dtd">
<html xmlns="http://www.w3.org/1999/xhtml" xml:lang="en" lang="en">
 <head>
  <title>
</title>
<meta http-equiv="Content-Type" content="text/html;charset=utf-8" />
  <meta name='ocr-system' content='tesseract 3.04.00' />
  <meta name='ocr-capabilities' content='ocr_page ocr_carea ocr_par ocr_line ocrx_word'/>
</head>
<body>
  <div class='ocr_page' id='page_1' title='image "./operahactenusin00schegoog_0229.png"; bbox 0 0 3168 5190; ppageno 0'>
   <div class='ocr_carea' id='block_1_1' title="bbox 532 775 1140 979">
    <p class='ocr_par' dir='ltr' id='par_1_1' title="bbox 532 775 1140 979">
     <span class='ocr_line' id='line_1_1' title="bbox 714 775 964 844; baseline -0.012 -11"><span class='ocrx_word' id='word_1_1' title='bbox 714 779 825 844; x_wconf 83' lang='lat' dir='ltr'><strong>cap.</strong></span> <span class='ocrx_word' id='word_1_2' title='bbox 845 775 964 832; x_wconf 87' lang='lat' dir='ltr'><strong>XIV.</strong></span> 
     </span>
     <span class='ocr_line' id='line_1_2' title="bbox 532 897 1140 979; baseline -0.01 -9"><span class='ocrx_word' id='word_1_3' title='bbox 532 903 675 979; x_wconf 75' lang='lat' dir='ltr'><strong>Quatuor</strong></span> <span class='ocrx_word' id='word_1_4' title='bbox 696 899 862 970; x_wconf 84' lang='lat' dir='ltr'><strong>incentiva</strong></span> <span class='ocrx_word' id='word_1_5' title='bbox 884 899 989 967; x_wconf 85' lang='lat' dir='ltr'><strong>divini</strong></span> <span class='ocrx_word' id='word_1_6' title='bbox 1010 897 1140 966; x_wconf 81' lang='lat' dir='ltr'><strong>arnonis.</strong></span> 
     </span>
    </p>
   </div>
   <div class='ocr_carea' id='block_1_2' title="bbox 233 1080 1442 4296">
    <p class='ocr_par' dir='ltr' id='par_1_2' title="bbox 233 1080 1441 2050">
     <span class='ocr_line' id='line_1_3' title="bbox 334 1080 1439 1178; baseline -0.013 -18"><span class='ocrx_word' id='word_1_7' title='bbox 334 1096 444 1178; x_wconf 90' lang='lat' dir='ltr'><strong>Itaque</strong></span> <span class='ocrx_word' id='word_1_8' title='bbox 476 1110 548 1169; x_wconf 85' lang='lat' dir='ltr'><strong>non,</strong></span> <span class='ocrx_word' id='word_1_9' title='bbox 583 1091 664 1155; x_wconf 89' lang='lat' dir='ltr'><strong>sieut</strong></span> <span class='ocrx_word' id='word_1_10' title='bbox 695 1090 756 1172; x_wconf 87' lang='lat' dir='ltr'><strong>ipsi</strong></span> <span class='ocrx_word' id='word_1_11' title='bbox 785 1089 883 1173; x_wconf 86' lang='lat' dir='ltr'><strong>ajunt,</strong></span> <span class='ocrx_word' id='word_1_12' title='bbox 917 1084 1085 1152; x_wconf 83' lang='lat' dir='ltr'><strong>dedecebat</strong></span> <span class='ocrx_word' id='word_1_13' title='bbox 1117 1084 1220 1150; x_wconf 91' lang='lat' dir='ltr'><strong>Deum</strong></span> <span class='ocrx_word' id='word_1_14' title='bbox 1253 1101 1311 1167; x_wconf 90' lang='lat' dir='ltr'><strong>pro</strong></span> <span class='ocrx_word' id='word_1_15' title='bbox 1344 1080 1439 1147; x_wconf 87' lang='lat' dir='ltr'><strong>nobis</strong></span> 
     </span>
     <span class='ocr_line' id='line_1_4' title="bbox 234 1195 1441 1273; baseline -0.014 1"><span class='ocrx_word' id='word_1_16' title='bbox 234 1208 344 1273; x_wconf 88' lang='lat' dir='ltr'><strong>mortis</strong></span> <span class='ocrx_word' id='word_1_17' title='bbox 378 1204 482 1270; x_wconf 87' lang='lat' dir='ltr'><strong>subire</strong></span> <span class='ocrx_word' id='word_1_18' title='bbox 504 1201 677 1268; x_wconf 91' lang='lat' dir='ltr'><strong>remedium</strong></span> <span class='ocrx_word' id='word_1_19' title='bbox 707 1201 761 1266; x_wconf 86' lang='lat' dir='ltr'><strong>sed</strong></span> <span class='ocrx_word' id='word_1_20' title='bbox 783 1198 1052 1265; x_wconf 79' lang='lat' dir='ltr'><strong>constantissimae</strong></span> <span class='ocrx_word' id='word_1_21' title='bbox 1085 1195 1225 1262; x_wconf 87' lang='lat' dir='ltr'><strong>veritatis</strong></span> <span class='ocrx_word' id='word_1_22' title='bbox 1248 1195 1346 1260; x_wconf 86' lang='lat' dir='ltr'><strong>claret</strong></span> <span class='ocrx_word' id='word_1_23' title='bbox 1366 1211 1441 1259; x_wconf 88' lang='lat' dir='ltr'><strong>sen-</strong></span> 
     </span>
     <span class='ocr_line' id='line_1_5' title="bbox 234 1307 1440 1400; baseline -0.012 -16"><span class='ocrx_word' id='word_1_24' title='bbox 234 1318 331 1384; x_wconf 90' lang='lat' dir='ltr'><strong>tentia</strong></span> <span class='ocrx_word' id='word_1_25' title='bbox 363 1316 498 1400; x_wconf 90' lang='lat' dir='ltr'><strong>apostoli</strong></span> <span class='ocrx_word' id='word_1_26' title='bbox 531 1331 592 1397; x_wconf 91' lang='lat' dir='ltr'><strong>qua</strong></span> <span class='ocrx_word' id='word_1_27' title='bbox 614 1313 674 1376; x_wconf 90' lang='lat' dir='ltr'><strong>ait:</strong></span> <span class='ocrx_word' id='word_1_28' title='bbox 720 1310 910 1393; x_wconf 82' lang='lat' dir='ltr'><strong>Quoniam</strong></span> <span class='ocrx_word' id='word_1_29' title='bbox 943 1307 1110 1374; x_wconf 88' lang='lat' dir='ltr'><strong>decebat</strong></span> <span class='ocrx_word' id='word_1_30' title='bbox 1143 1325 1230 1373; x_wconf 90' lang='lat' dir='ltr'><strong>eum</strong></span> <span class='ocrx_word' id='word_1_31' title='bbox 1266 1307 1440 1391; x_wconf 83' lang='lat' dir='ltr'><strong>propter</strong></span> 
     </span>
     <span class='ocr_line' id='line_1_6' title="bbox 234 1417 1439 1513; baseline -0.012 -18"><span class='ocrx_word' id='word_1_32' title='bbox 234 1447 346 1513; x_wconf 91' lang='lat' dir='ltr'><strong>quem</strong></span> <span class='ocrx_word' id='word_1_33' title='bbox 379 1427 513 1494; x_wconf 86' lang='lat' dir='ltr'><strong>omnia</strong></span> <span class='ocrx_word' id='word_1_34' title='bbox 535 1427 571 1490; x_wconf 91' lang='lat' dir='ltr'><strong>et</strong></span> <span class='ocrx_word' id='word_1_35' title='bbox 592 1443 657 1509; x_wconf 90' lang='lat' dir='ltr'><strong>per</strong></span> <span class='ocrx_word' id='word_1_36' title='bbox 680 1441 792 1506; x_wconf 89' lang='lat' dir='ltr'><strong>quem</strong></span> <span class='ocrx_word' id='word_1_37' title='bbox 815 1421 959 1503; x_wconf 89' lang='lat' dir='ltr'><strong>omnia,</strong></span> <span class='ocrx_word' id='word_1_38' title='bbox 995 1420 1066 1505; x_wconf 92' lang='lat' dir='ltr'><strong>qui</strong></span> <span class='ocrx_word' id='word_1_39' title='bbox 1088 1419 1228 1485; x_wconf 89' lang='lat' dir='ltr'><strong>multos</strong></span> <span class='ocrx_word' id='word_1_40' title='bbox 1250 1417 1362 1483; x_wconf 88' lang='lat' dir='ltr'><strong>filios</strong></span> <span class='ocrx_word' id='word_1_41' title='bbox 1395 1417 1439 1482; x_wconf 91' lang='lat' dir='ltr'><strong>in</strong></span> 
     </span>
     <span class='ocr_line' id='line_1_7' title="bbox 234 1527 1440 1628; baseline -0.012 -21"><span class='ocrx_word' id='word_1_42' title='bbox 234 1541 410 1628; x_wconf 79' lang='lat' dir='ltr'><strong>gloriam</strong></span> <span class='ocrx_word' id='word_1_43' title='bbox 432 1538 645 1603; x_wconf 78' lang='lat' dir='ltr'>adduxerat</span> <span class='ocrx_word' id='word_1_44' title='bbox 668 1536 877 1600; x_wconf 77' lang='lat' dir='ltr'><strong>auctorem</strong></span> <span class='ocrx_word' id='word_1_45' title='bbox 899 1532 1046 1598; x_wconf 87' lang='lat' dir='ltr'><strong>salutis</strong></span> <span class='ocrx_word' id='word_1_46' title='bbox 1069 1527 1440 1613; x_wconf 87' lang='lat' dir='ltr'><strong>eornmperpassi·</strong></span> 
     </span>
     <span class='ocr_line' id='line_1_8' title="bbox 236 1640 1439 1732; baseline -0.01 -15"><span class='ocrx_word' id='word_1_47' title='bbox 236 1671 347 1717; x_wconf 92' lang='lat' dir='ltr'><strong>onem</strong></span> <span class='ocrx_word' id='word_1_48' title='bbox 370 1646 680 1732; x_wconf 88' lang='lat' dir='ltr'><strong>consummari.¹)</strong></span> <span class='ocrx_word' id='word_1_49' title='bbox 703 1645 788 1710; x_wconf 91' lang='lat' dir='ltr'><strong>Haeo</strong></span> <span class='ocrx_word' id='word_1_50' title='bbox 811 1644 894 1708; x_wconf 93' lang='lat' dir='ltr'><strong>enim</strong></span> <span class='ocrx_word' id='word_1_51' title='bbox 916 1646 990 1709; x_wconf 86' lang='lat' dir='ltr'><strong>eunt</strong></span> <span class='ocrx_word' id='word_1_52' title='bbox 1012 1646 1146 1727; x_wconf 86' lang='lat' dir='ltr'><strong>quatuor</strong></span> <span class='ocrx_word' id='word_1_53' title='bbox 1167 1640 1326 1707; x_wconf 86' lang='lat' dir='ltr'><strong>incentiva</strong></span> <span class='ocrx_word' id='word_1_54' title='bbox 1341 1640 1439 1705; x_wconf 78' lang='lat' dir='ltr'><strong>divini</strong></span> 
     </span>
     <span class='ocr_line' id='line_1_9' title="bbox 235 1752 1439 1845; baseline -0.009 -17"><span class='ocrx_word' id='word_1_55' title='bbox 235 1763 360 1842; x_wconf 87' lang='lat' dir='ltr'><strong>amoris,</strong></span> <span class='ocrx_word' id='word_1_56' title='bbox 384 1779 463 1845; x_wconf 91' lang='lat' dir='ltr'><strong>quae</strong></span> <span class='ocrx_word' id='word_1_57' title='bbox 485 1761 545 1825; x_wconf 91' lang='lat' dir='ltr'><strong>iste</strong></span> <span class='ocrx_word' id='word_1_58' title='bbox 568 1757 710 1823; x_wconf 80' lang='lat' dir='ltr'><strong>sacerdos</strong></span> <span class='ocrx_word' id='word_1_59' title='bbox 733 1774 824 1821; x_wconf 86' lang='lat' dir='ltr'><strong>verus</strong></span> <span class='ocrx_word' id='word_1_60' title='bbox 842 1754 933 1838; x_wconf 85' lang='lat' dir='ltr'><strong>juxta</strong></span> <span class='ocrx_word' id='word_1_61' title='bbox 954 1753 1033 1838; x_wconf 85' lang='lat' dir='ltr'><strong>legis</strong></span> <span class='ocrx_word' id='word_1_62' title='bbox 1056 1755 1216 1819; x_wconf 89' lang='lat' dir='ltr'><strong>decretum</strong></span> <span class='ocrx_word' id='word_1_63' title='bbox 1239 1753 1330 1837; x_wconf 87' lang='lat' dir='ltr'><strong>qnasi</strong></span> <span class='ocrx_word' id='word_1_64' title='bbox 1351 1752 1439 1836; x_wconf 86' lang='lat' dir='ltr'><strong>ligna</strong></span> 
     </span>
     <span class='ocr_line' id='line_1_10' title="bbox 233 1862 1439 1952; baseline -0.009 -13"><span class='ocrx_word' id='word_1_65' title='bbox 233 1874 267 1938; x_wconf 93' lang='lat' dir='ltr'><strong>in</strong></span> <span class='ocrx_word' id='word_1_66' title='bbox 289 1873 381 1938; x_wconf 91' lang='lat' dir='ltr'><strong>altari</strong></span> <span class='ocrx_word' id='word_1_67' title='bbox 414 1871 516 1937; x_wconf 90' lang='lat' dir='ltr'><strong>cordis</strong></span> <span class='ocrx_word' id='word_1_68' title='bbox 549 1869 650 1935; x_wconf 88' lang='lat' dir='ltr'><strong>nostri</strong></span> <span class='ocrx_word' id='word_1_69' title='bbox 680 1885 738 1952; x_wconf 89' lang='lat' dir='ltr'><strong>per</strong></span> <span class='ocrx_word' id='word_1_70' title='bbox 760 1865 898 1950; x_wconf 86' lang='lat' dir='ltr'><strong>singulos</strong></span> <span class='ocrx_word' id='word_1_71' title='bbox 922 1863 986 1930; x_wconf 87' lang='lat' dir='ltr'><strong>dies</strong></span> <span class='ocrx_word' id='word_1_72' title='bbox 1010 1863 1145 1947; x_wconf 85' lang='lat' dir='ltr'><strong>subjicit,</strong></span> <span class='ocrx_word' id='word_1_73' title='bbox 1182 1867 1219 1928; x_wconf 86' lang='lat' dir='ltr'><strong>ut</strong></span> <span class='ocrx_word' id='word_1_74' title='bbox 1249 1863 1334 1929; x_wconf 89' lang='lat' dir='ltr'><strong>idem</strong></span> <span class='ocrx_word' id='word_1_75' title='bbox 1354 1862 1439 1948; x_wconf 82' lang='lat' dir='ltr'><strong>ignis</strong></span> 
     </span>
     <span class='ocr_line' id='line_1_11' title="bbox 235 1973 1293 2050; baseline -0.009 0"><span class='ocrx_word' id='word_1_76' title='bbox 235 1985 350 2050; x_wconf 85' lang='lat' dir='ltr'><strong>amoris</strong></span> <span class='ocrx_word' id='word_1_77' title='bbox 375 1985 423 2050; x_wconf 86' lang='lat' dir='ltr'><strong>sui</strong></span> <span class='ocrx_word' id='word_1_78' title='bbox 445 1983 478 2048; x_wconf 90' lang='lat' dir='ltr'><strong>in</strong></span> <span class='ocrx_word' id='word_1_79' title='bbox 501 1978 644 2046; x_wconf 82' lang='lat' dir='ltr'><strong>rationali</strong></span> <span class='ocrx_word' id='word_1_80' title='bbox 677 1981 819 2044; x_wconf 86' lang='lat' dir='ltr'><strong>ereatura</strong></span> <span class='ocrx_word' id='word_1_81' title='bbox 840 1977 872 2040; x_wconf 93' lang='lat' dir='ltr'><strong>in</strong></span> <span class='ocrx_word' id='word_1_82' title='bbox 894 1979 1055 2042; x_wconf 88' lang='lat' dir='ltr'><strong>aeternum</strong></span> <span class='ocrx_word' id='word_1_83' title='bbox 1076 1993 1139 2040; x_wconf 92' lang='lat' dir='ltr'><strong>non</strong></span> <span class='ocrx_word' id='word_1_84' title='bbox 1160 1973 1293 2041; x_wconf 86' lang='lat' dir='ltr'><strong>deficiat.</strong></span> 
     </span>
    </p>

    <p class='ocr_par' dir='ltr' id='par_1_3' title="bbox 235 2087 1440 2735">
     <span class='ocr_line' id='line_1_12' title="bbox 337 2087 1440 2177; baseline -0.009 -17"><span class='ocrx_word' id='word_1_85' title='bbox 337 2095 459 2160; x_wconf 92' lang='lat' dir='ltr'><strong>Horum</strong></span> <span class='ocrx_word' id='word_1_86' title='bbox 480 2110 614 2175; x_wconf 90' lang='lat' dir='ltr'><strong>namque</strong></span> <span class='ocrx_word' id='word_1_87' title='bbox 636 2091 808 2177; x_wconf 91' lang='lat' dir='ltr'><strong>primum</strong></span> <span class='ocrx_word' id='word_1_88' title='bbox 830 2092 893 2169; x_wconf 85' lang='lat' dir='ltr'><strong>est,</strong></span> <span class='ocrx_word' id='word_1_89' title='bbox 917 2088 1189 2173; x_wconf 86' lang='lat' dir='ltr'><strong>quodpropter</strong></span> <span class='ocrx_word' id='word_1_90' title='bbox 1210 2087 1338 2170; x_wconf 90' lang='lat' dir='ltr'><strong>ipsum</strong></span> <span class='ocrx_word' id='word_1_91' title='bbox 1361 2103 1440 2151; x_wconf 90' lang='lat' dir='ltr'><strong>om·</strong></span> 
     </span>
     <span class='ocr_line' id='line_1_13' title="bbox 236 2196 1439 2287; baseline -0.007 -14"><span class='ocrx_word' id='word_1_92' title='bbox 236 2208 314 2287; x_wconf 82' lang='lat' dir='ltr'><strong>nia,</strong></span> <span class='ocrx_word' id='word_1_93' title='bbox 350 2205 495 2272; x_wconf 87' lang='lat' dir='ltr'><strong>coelestia</strong></span> <span class='ocrx_word' id='word_1_94' title='bbox 528 2202 677 2268; x_wconf 89' lang='lat' dir='ltr'><strong>nimirum</strong></span> <span class='ocrx_word' id='word_1_95' title='bbox 708 2204 740 2266; x_wconf 92' lang='lat' dir='ltr'><strong>et</strong></span> <span class='ocrx_word' id='word_1_96' title='bbox 760 2200 929 2281; x_wconf 87' lang='lat' dir='ltr'><strong>terrestria,</strong></span> <span class='ocrx_word' id='word_1_97' title='bbox 963 2203 1113 2284; x_wconf 90' lang='lat' dir='ltr'><strong>quatenus</strong></span> <span class='ocrx_word' id='word_1_98' title='bbox 1145 2199 1206 2264; x_wconf 88' lang='lat' dir='ltr'><strong>iste</strong></span> <span class='ocrx_word' id='word_1_99' title='bbox 1238 2197 1320 2282; x_wconf 85' lang='lat' dir='ltr'><strong>regis</strong></span> <span class='ocrx_word' id='word_1_100' title='bbox 1354 2196 1439 2264; x_wconf 88' lang='lat' dir='ltr'><strong>filins</strong></span> 
     </span>
     <span class='ocr_line' id='line_1_14' title="bbox 237 2309 1439 2384; baseline -0.007 0"><span class='ocrx_word' id='word_1_101' title='bbox 237 2317 367 2384; x_wconf 86' lang='lat' dir='ltr'><strong>haberet</strong></span> <span class='ocrx_word' id='word_1_102' title='bbox 388 2334 451 2381; x_wconf 88' lang='lat' dir='ltr'><strong>una</strong></span> <span class='ocrx_word' id='word_1_103' title='bbox 474 2333 546 2380; x_wconf 91' lang='lat' dir='ltr'><strong>oum</strong></span> <span class='ocrx_word' id='word_1_104' title='bbox 562 2313 658 2380; x_wconf 93' lang='lat' dir='ltr'><strong>Patre</strong></span> <span class='ocrx_word' id='word_1_105' title='bbox 680 2313 828 2378; x_wconf 83' lang='lat' dir='ltr'><strong>diversos</strong></span> <span class='ocrx_word' id='word_1_106' title='bbox 842 2313 913 2378; x_wconf 91' lang='lat' dir='ltr'><strong>hinc</strong></span> <span class='ocrx_word' id='word_1_107' title='bbox 934 2312 1005 2376; x_wconf 90' lang='lat' dir='ltr'><strong>inde</strong></span> <span class='ocrx_word' id='word_1_108' title='bbox 1028 2310 1087 2377; x_wconf 84' lang='lat' dir='ltr'><strong>sibi</strong></span> <span class='ocrx_word' id='word_1_109' title='bbox 1109 2310 1269 2376; x_wconf 87' lang='lat' dir='ltr'><strong>adstantes</strong></span> <span class='ocrx_word' id='word_1_110' title='bbox 1285 2309 1439 2375; x_wconf 84' lang='lat' dir='ltr'><strong>exercitus</strong></span> 
     </span>
     <span class='ocr_line' id='line_1_15' title="bbox 235 2422 1439 2514; baseline -0.007 -19"><span class='ocrx_word' id='word_1_111' title='bbox 235 2425 418 2514; x_wconf 83' lang='lat' dir='ltr'><strong>angelorum</strong></span> <span class='ocrx_word' id='word_1_112' title='bbox 439 2425 582 2492; x_wconf 83' lang='lat' dir='ltr'><strong>uidelicet</strong></span> <span class='ocrx_word' id='word_1_113' title='bbox 604 2428 697 2509; x_wconf 90' lang='lat' dir='ltr'><strong>atque</strong></span> <span class='ocrx_word' id='word_1_114' title='bbox 711 2424 882 2504; x_wconf 87' lang='lat' dir='ltr'><strong>hominurn,</strong></span> <span class='ocrx_word' id='word_1_115' title='bbox 900 2427 1009 2508; x_wconf 85' lang='lat' dir='ltr'><strong>utpote</strong></span> <span class='ocrx_word' id='word_1_116' title='bbox 1025 2423 1077 2507; x_wconf 91' lang='lat' dir='ltr'><strong>qui</strong></span> <span class='ocrx_word' id='word_1_117' title='bbox 1092 2425 1159 2488; x_wconf 89' lang='lat' dir='ltr'><strong>erat</strong></span> <span class='ocrx_word' id='word_1_118' title='bbox 1172 2422 1241 2507; x_wconf 88' lang='lat' dir='ltr'><strong>ipse</strong></span> <span class='ocrx_word' id='word_1_119' title='bbox 1255 2440 1317 2488; x_wconf 90' lang='lat' dir='ltr'><strong>non</strong></span> <span class='ocrx_word' id='word_1_120' title='bbox 1334 2422 1439 2486; x_wconf 92' lang='lat' dir='ltr'><strong>solum</strong></span> 
     </span>
     <span class='ocr_line' id='line_1_16' title="bbox 235 2533 1439 2621; baseline -0.007 -15"><span class='ocrx_word' id='word_1_121' title='bbox 235 2541 321 2606; x_wconf 92' lang='lat' dir='ltr'><strong>Deus</strong></span> <span class='ocrx_word' id='word_1_122' title='bbox 337 2539 391 2605; x_wconf 92' lang='lat' dir='ltr'><strong>sed</strong></span> <span class='ocrx_word' id='word_1_123' title='bbox 409 2537 549 2603; x_wconf 91' lang='lat' dir='ltr'><strong>ethome</strong></span> <span class='ocrx_word' id='word_1_124' title='bbox 571 2535 709 2603; x_wconf 83' lang='lat' dir='ltr'><strong>futurus.</strong></span> <span class='ocrx_word' id='word_1_125' title='bbox 731 2537 821 2620; x_wconf 85' lang='lat' dir='ltr'><strong>Quod</strong></span> <span class='ocrx_word' id='word_1_126' title='bbox 836 2536 931 2601; x_wconf 88' lang='lat' dir='ltr'><strong>etiam</strong></span> <span class='ocrx_word' id='word_1_127' title='bbox 947 2536 1102 2621; x_wconf 81' lang='lat' dir='ltr'><strong>scriptura</strong></span> <span class='ocrx_word' id='word_1_128' title='bbox 1115 2553 1178 2600; x_wconf 93' lang='lat' dir='ltr'><strong>non</strong></span> <span class='ocrx_word' id='word_1_129' title='bbox 1192 2533 1291 2600; x_wconf 91' lang='lat' dir='ltr'><strong>tacuit</strong></span> <span class='ocrx_word' id='word_1_130' title='bbox 1312 2533 1439 2598; x_wconf 86' lang='lat' dir='ltr'><strong>dicens:</strong></span> 
     </span>
     <span class='ocr_line' id='line_1_17' title="bbox 237 2643 1439 2735; baseline -0.006 -19"><span class='ocrx_word' id='word_1_131' title='bbox 237 2649 423 2735; x_wconf 90' lang='lat' dir='ltr'><strong>quoniam</strong></span> <span class='ocrx_word' id='word_1_132' title='bbox 451 2648 582 2712; x_wconf 91' lang='lat' dir='ltr'><strong>omnia</strong></span> <span class='ocrx_word' id='word_1_133' title='bbox 610 2651 779 2732; x_wconf 87' lang='lat' dir='ltr'><strong>propter</strong></span> <span class='ocrx_word' id='word_1_134' title='bbox 811 2648 1079 2731; x_wconf 89' lang='lat' dir='ltr'><strong>semetipsum</strong></span> <span class='ocrx_word' id='word_1_135' title='bbox 1102 2645 1262 2712; x_wconf 87' lang='lat' dir='ltr'><strong>creavit</strong></span> <span class='ocrx_word' id='word_1_136' title='bbox 1282 2643 1439 2729; x_wconf 81' lang='lat' dir='ltr'><strong>Deus.¹)</strong></span> 
     </span>
    </p>

    <p class='ocr_par' dir='ltr' id='par_1_4' title="bbox 235 2757 1440 3286">
     <span class='ocr_line' id='line_1_18' title="bbox 337 2757 1439 2846; baseline -0.005 -20"><span class='ocrx_word' id='word_1_137' title='bbox 337 2759 554 2846; x_wconf 79' lang='lat' dir='ltr'><strong>Secundum</strong></span> <span class='ocrx_word' id='word_1_138' title='bbox 590 2760 685 2825; x_wconf 87' lang='lat' dir='ltr'><strong>etiam</strong></span> <span class='ocrx_word' id='word_1_139' title='bbox 708 2760 792 2844; x_wconf 91' lang='lat' dir='ltr'><strong>quod</strong></span> <span class='ocrx_word' id='word_1_140' title='bbox 810 2759 929 2825; x_wconf 90' lang='lat' dir='ltr'><strong>addidit</strong></span> <span class='ocrx_word' id='word_1_141' title='bbox 962 2778 1028 2842; x_wconf 90' lang='lat' dir='ltr'><strong>per</strong></span> <span class='ocrx_word' id='word_1_142' title='bbox 1051 2776 1165 2841; x_wconf 93' lang='lat' dir='ltr'><strong>quem</strong></span> <span class='ocrx_word' id='word_1_143' title='bbox 1188 2757 1321 2822; x_wconf 90' lang='lat' dir='ltr'><strong>omnia</strong></span> <span class='ocrx_word' id='word_1_144' title='bbox 1343 2774 1439 2822; x_wconf 89' lang='lat' dir='ltr'><strong>evan-</strong></span> 
     </span>
     <span class='ocr_line' id='line_1_19' title="bbox 235 2869 1440 2957; baseline 0 -21"><span class='ocrx_word' id='word_1_145' title='bbox 235 2872 335 2955; x_wconf 85' lang='lat' dir='ltr'><strong>gelica</strong></span> <span class='ocrx_word' id='word_1_146' title='bbox 368 2872 504 2937; x_wconf 88' lang='lat' dir='ltr'><strong>declarat</strong></span> <span class='ocrx_word' id='word_1_147' title='bbox 539 2873 654 2937; x_wconf 84' lang='lat' dir='ltr'><strong>veritas</strong></span> <span class='ocrx_word' id='word_1_148' title='bbox 688 2872 807 2938; x_wconf 90' lang='lat' dir='ltr'><strong>dicente</strong></span> <span class='ocrx_word' id='word_1_149' title='bbox 839 2871 998 2939; x_wconf 87' lang='lat' dir='ltr'><strong>Johanne:</strong></span> <span class='ocrx_word' id='word_1_150' title='bbox 1044 2869 1176 2936; x_wconf 90' lang='lat' dir='ltr'><strong>Omnia</strong></span> <span class='ocrx_word' id='word_1_151' title='bbox 1208 2890 1278 2957; x_wconf 91' lang='lat' dir='ltr'><strong>per</strong></span> <span class='ocrx_word' id='word_1_152' title='bbox 1311 2870 1440 2954; x_wconf 91' lang='lat' dir='ltr'><strong>ipsum</strong></span> 
     </span>
     <span class='ocr_line' id='line_1_20' title="bbox 237 2973 1440 3067; baseline -0.002 -19"><span class='ocrx_word' id='word_1_153' title='bbox 237 2982 504 3049; x_wconf 86' lang='lat' dir='ltr'><strong>seilicetVerbum</strong></span> <span class='ocrx_word' id='word_1_154' title='bbox 525 2973 633 3050; x_wconf 86' lang='lat' dir='ltr'><strong>facta</strong></span> <span class='ocrx_word' id='word_1_155' title='bbox 655 2986 749 3049; x_wconf 88' lang='lat' dir='ltr'><strong>suut</strong></span> <span class='ocrx_word' id='word_1_156' title='bbox 772 2986 810 3049; x_wconf 87' lang='lat' dir='ltr'><strong>et</strong></span> <span class='ocrx_word' id='word_1_157' title='bbox 832 2983 917 3050; x_wconf 86' lang='lat' dir='ltr'><strong>sine</strong></span> <span class='ocrx_word' id='word_1_158' title='bbox 933 2985 1028 3067; x_wconf 65' lang='lat' dir='ltr'><strong>&#39;ipso</strong></span> <span class='ocrx_word' id='word_1_159' title='bbox 1052 2981 1205 3050; x_wconf 86' lang='lat' dir='ltr'><strong>facturn</strong></span> <span class='ocrx_word' id='word_1_160' title='bbox 1228 2988 1287 3049; x_wconf 75' lang='lat' dir='ltr'><strong>est</strong></span> <span class='ocrx_word' id='word_1_161' title='bbox 1308 2979 1440 3066; x_wconf 80' lang='lat' dir='ltr'><strong>nihil³)</strong></span> 
     </span>
     <span class='ocr_line' id='line_1_21' title="bbox 236 3093 1439 3180; baseline 0.002 -22"><span class='ocrx_word' id='word_1_162' title='bbox 236 3095 290 3158; x_wconf 91' lang='lat' dir='ltr'><strong>sed</strong></span> <span class='ocrx_word' id='word_1_163' title='bbox 313 3096 344 3158; x_wconf 91' lang='lat' dir='ltr'><strong>et</strong></span> <span class='ocrx_word' id='word_1_164' title='bbox 365 3112 514 3178; x_wconf 86' lang='lat' dir='ltr'><strong>geneseos</strong></span> <span class='ocrx_word' id='word_1_165' title='bbox 546 3095 733 3180; x_wconf 86' lang='lat' dir='ltr'><strong>principium</strong></span> <span class='ocrx_word' id='word_1_166' title='bbox 764 3093 818 3160; x_wconf 91' lang='lat' dir='ltr'><strong>ubi</strong></span> <span class='ocrx_word' id='word_1_167' title='bbox 842 3095 1082 3179; x_wconf 84' lang='lat' dir='ltr'><strong>scriptumest:</strong></span> <span class='ocrx_word' id='word_1_168' title='bbox 1127 3097 1314 3180; x_wconf 82' lang='lat' dir='ltr'><strong>Dixitque</strong></span> <span class='ocrx_word' id='word_1_169' title='bbox 1337 3095 1439 3161; x_wconf 90' lang='lat' dir='ltr'><strong>Deus</strong></span> 
     </span>
     <span class='ocr_line' id='line_1_22' title="bbox 238 3203 515 3286; baseline 0.007 -18"><span class='ocrx_word' id='word_1_170' title='bbox 238 3203 314 3269; x_wconf 85' lang='lat' dir='ltr'><strong>fiat</strong></span> <span class='ocrx_word' id='word_1_171' title='bbox 336 3206 403 3269; x_wconf 84' lang='lat' dir='ltr'><strong>lun</strong></span> <span class='ocrx_word' id='word_1_172' title='bbox 427 3203 515 3286; x_wconf 54' lang='lat' dir='ltr'><strong>otest)</strong></span> 
     </span>
    </p>

    <p class='ocr_par' dir='ltr' id='par_1_5' title="bbox 237 3317 1442 3848">
     <span class='ocr_line' id='line_1_23' title="bbox 338 3317 1442 3405; baseline 0.004 -23"><span class='ocrx_word' id='word_1_173' title='bbox 338 3317 517 3382; x_wconf 79' lang='lat' dir='ltr'><strong>Tertium</strong></span> <span class='ocrx_word' id='word_1_174' title='bbox 539 3336 611 3384; x_wconf 93' lang='lat' dir='ltr'><strong>vero</strong></span> <span class='ocrx_word' id='word_1_175' title='bbox 632 3320 713 3402; x_wconf 86' lang='lat' dir='ltr'><strong>quod</strong></span> <span class='ocrx_word' id='word_1_176' title='bbox 736 3321 875 3404; x_wconf 87' lang='lat' dir='ltr'><strong>adjunxit</strong></span> <span class='ocrx_word' id='word_1_177' title='bbox 898 3321 966 3405; x_wconf 92' lang='lat' dir='ltr'><strong>qui</strong></span> <span class='ocrx_word' id='word_1_178' title='bbox 987 3323 1132 3388; x_wconf 90' lang='lat' dir='ltr'><strong>multos</strong></span> <span class='ocrx_word' id='word_1_179' title='bbox 1154 3320 1268 3387; x_wconf 88' lang='lat' dir='ltr'><strong>filios</strong></span> <span class='ocrx_word' id='word_1_180' title='bbox 1291 3321 1331 3385; x_wconf 88' lang='lat' dir='ltr'><strong>iu</strong></span> <span class='ocrx_word' id='word_1_181' title='bbox 1353 3323 1442 3405; x_wconf 83' lang='lat' dir='ltr'><strong>glo·</strong></span> 
     </span>
     <span class='ocr_line' id='line_1_24' title="bbox 237 3428 1442 3515; baseline 0.002 -23"><span class='ocrx_word' id='word_1_182' title='bbox 237 3428 338 3493; x_wconf 92' lang='lat' dir='ltr'><strong>riam</strong></span> <span class='ocrx_word' id='word_1_183' title='bbox 371 3429 598 3494; x_wconf 83' lang='lat' dir='ltr'><strong>adduxerat</strong></span> <span class='ocrx_word' id='word_1_184' title='bbox 631 3447 704 3493; x_wconf 91' lang='lat' dir='ltr'><strong>cum</strong></span> <span class='ocrx_word' id='word_1_185' title='bbox 728 3428 825 3494; x_wconf 89' lang='lat' dir='ltr'><strong>totins</strong></span> <span class='ocrx_word' id='word_1_186' title='bbox 856 3430 1016 3497; x_wconf 87' lang='lat' dir='ltr'><strong>rationalis</strong></span> <span class='ocrx_word' id='word_1_187' title='bbox 1050 3433 1210 3496; x_wconf 89' lang='lat' dir='ltr'><strong>creaturae</strong></span> <span class='ocrx_word' id='word_1_188' title='bbox 1242 3429 1442 3515; x_wconf 85' lang='lat' dir='ltr'><strong>privilegium</strong></span> 
     </span>
     <span class='ocr_line' id='line_1_25' title="bbox 239 3539 1440 3625; baseline 0.004 -21"><span class='ocrx_word' id='word_1_189' title='bbox 239 3541 289 3618; x_wconf 86' lang='lat' dir='ltr'><strong>sit,</strong></span> <span class='ocrx_word' id='word_1_190' title='bbox 313 3542 418 3605; x_wconf 93' lang='lat' dir='ltr'><strong>tamen</strong></span> <span class='ocrx_word' id='word_1_191' title='bbox 441 3539 602 3623; x_wconf 87' lang='lat' dir='ltr'><strong>specialius</strong></span> <span class='ocrx_word' id='word_1_192' title='bbox 633 3540 672 3604; x_wconf 94' lang='lat' dir='ltr'><strong>ad</strong></span> <span class='ocrx_word' id='word_1_193' title='bbox 694 3539 835 3606; x_wconf 88' lang='lat' dir='ltr'><strong>homines</strong></span> <span class='ocrx_word' id='word_1_194' title='bbox 858 3542 1019 3623; x_wconf 88' lang='lat' dir='ltr'><strong>pertinere,</strong></span> <span class='ocrx_word' id='word_1_195' title='bbox 1054 3546 1238 3625; x_wconf 90' lang='lat' dir='ltr'><strong>quartum</strong></span> <span class='ocrx_word' id='word_1_196' title='bbox 1261 3541 1440 3609; x_wconf 89' lang='lat' dir='ltr'><strong>membrum</strong></span> 
     </span>
     <span class='ocr_line' id='line_1_26' title="bbox 239 3647 1441 3739; baseline 0.002 -22"><span class='ocrx_word' id='word_1_197' title='bbox 239 3651 384 3731; x_wconf 85' lang='lat' dir='ltr'><strong>declarat,</strong></span> <span class='ocrx_word' id='word_1_198' title='bbox 418 3671 477 3736; x_wconf 93' lang='lat' dir='ltr'><strong>quo</strong></span> <span class='ocrx_word' id='word_1_199' title='bbox 494 3647 677 3734; x_wconf 88' lang='lat' dir='ltr'><strong>adjunctum</strong></span> <span class='ocrx_word' id='word_1_200' title='bbox 704 3655 767 3716; x_wconf 90' lang='lat' dir='ltr'><strong>est:</strong></span> <span class='ocrx_word' id='word_1_201' title='bbox 787 3655 983 3718; x_wconf 90' lang='lat' dir='ltr'><strong>auctorem</strong></span> <span class='ocrx_word' id='word_1_202' title='bbox 1017 3655 1164 3720; x_wconf 87' lang='lat' dir='ltr'><strong>salutis</strong></span> <span class='ocrx_word' id='word_1_203' title='bbox 1198 3673 1331 3720; x_wconf 93' lang='lat' dir='ltr'><strong>eorum</strong></span> <span class='ocrx_word' id='word_1_204' title='bbox 1371 3674 1441 3739; x_wconf 87' lang='lat' dir='ltr'><strong>per</strong></span> 
     </span>
     <span class='ocr_line' id='line_1_27' title="bbox 238 3763 773 3848; baseline 0.006 -21"><span class='ocrx_word' id='word_1_205' title='bbox 238 3763 470 3848; x_wconf 86' lang='lat' dir='ltr'><strong>passionem</strong></span> <span class='ocrx_word' id='word_1_206' title='bbox 492 3766 773 3830; x_wconf 90' lang='lat' dir='ltr'><strong>consummari.</strong></span> 
     </span>
    </p>

    <p class='ocr_par' dir='ltr' id='par_1_6' title="bbox 237 3872 1440 4296">
     <span class='ocr_line' id='line_1_28' title="bbox 337 3872 1439 3962; baseline 0.004 -23"><span class='ocrx_word' id='word_1_207' title='bbox 337 3872 431 3953; x_wconf 84' lang='lat' dir='ltr'><strong>Haec,</strong></span> <span class='ocrx_word' id='word_1_208' title='bbox 455 3877 491 3939; x_wconf 91' lang='lat' dir='ltr'><strong>ut</strong></span> <span class='ocrx_word' id='word_1_209' title='bbox 513 3874 641 3954; x_wconf 84' lang='lat' dir='ltr'><strong>dietum,</strong></span> <span class='ocrx_word' id='word_1_210' title='bbox 676 3877 779 3940; x_wconf 92' lang='lat' dir='ltr'><strong>omnia</strong></span> <span class='ocrx_word' id='word_1_211' title='bbox 802 3878 833 3940; x_wconf 92' lang='lat' dir='ltr'><strong>et</strong></span> <span class='ocrx_word' id='word_1_212' title='bbox 855 3876 978 3960; x_wconf 78' lang='lat' dir='ltr'><strong>singula</strong></span> <span class='ocrx_word' id='word_1_213' title='bbox 1012 3895 1084 3942; x_wconf 89' lang='lat' dir='ltr'><strong>oum</strong></span> <span class='ocrx_word' id='word_1_214' title='bbox 1106 3895 1220 3962; x_wconf 80' lang='lat' dir='ltr'><strong>magna</strong></span> <span class='ocrx_word' id='word_1_215' title='bbox 1247 3877 1311 3942; x_wconf 88' lang='lat' dir='ltr'><strong>sint</strong></span> <span class='ocrx_word' id='word_1_216' title='bbox 1341 3877 1439 3943; x_wconf 88' lang='lat' dir='ltr'><strong>divini</strong></span> 
     </span>
     <span class='ocr_line' id='line_1_29' title="bbox 238 3982 1440 4073; baseline 0.007 -26"><span class='ocrx_word' id='word_1_217' title='bbox 238 3985 352 4047; x_wconf 88' lang='lat' dir='ltr'><strong>amoris</strong></span> <span class='ocrx_word' id='word_1_218' title='bbox 376 3984 408 4048; x_wconf 88' lang='lat' dir='ltr'><strong>in</strong></span> <span class='ocrx_word' id='word_1_219' title='bbox 431 3982 594 4050; x_wconf 88' lang='lat' dir='ltr'><strong>Christum</strong></span> <span class='ocrx_word' id='word_1_220' title='bbox 626 3986 781 4052; x_wconf 85' lang='lat' dir='ltr'><strong>incentiva</strong></span> <span class='ocrx_word' id='word_1_221' title='bbox 803 3990 909 4052; x_wconf 88' lang='lat' dir='ltr'><strong>tamen</strong></span> <span class='ocrx_word' id='word_1_222' title='bbox 938 4007 1032 4073; x_wconf 87' lang='lat' dir='ltr'><strong>super</strong></span> <span class='ocrx_word' id='word_1_223' title='bbox 1055 3991 1156 4054; x_wconf 90' lang='lat' dir='ltr'><strong>cetera</strong></span> <span class='ocrx_word' id='word_1_224' title='bbox 1178 3992 1209 4054; x_wconf 91' lang='lat' dir='ltr'><strong>et</strong></span> <span class='ocrx_word' id='word_1_225' title='bbox 1231 3988 1312 4054; x_wconf 91' lang='lat' dir='ltr'><strong>inter</strong></span> <span class='ocrx_word' id='word_1_226' title='bbox 1335 3993 1440 4056; x_wconf 85' lang='lat' dir='ltr'><strong>cetera</strong></span> 
     </span>
     <span class='ocr_line' id='line_1_30' title="bbox 237 4092 1439 4184; baseline 0.007 -26"><span class='ocrx_word' id='word_1_227' title='bbox 237 4095 307 4177; x_wconf 85' lang='lat' dir='ltr'><strong>plus</strong></span> <span class='ocrx_word' id='word_1_228' title='bbox 330 4093 362 4158; x_wconf 90' lang='lat' dir='ltr'><strong>id</strong></span> <span class='ocrx_word' id='word_1_229' title='bbox 376 4092 489 4177; x_wconf 87' lang='lat' dir='ltr'><strong>flagrat</strong></span> <span class='ocrx_word' id='word_1_230' title='bbox 503 4103 596 4179; x_wconf 91' lang='lat' dir='ltr'><strong>atque</strong></span> <span class='ocrx_word' id='word_1_231' title='bbox 610 4096 756 4179; x_wconf 84' lang='lat' dir='ltr'><strong>incendit,</strong></span> <span class='ocrx_word' id='word_1_232' title='bbox 780 4100 861 4182; x_wconf 92' lang='lat' dir='ltr'><strong>quod</strong></span> <span class='ocrx_word' id='word_1_233' title='bbox 875 4099 908 4163; x_wconf 90' lang='lat' dir='ltr'><strong>in</strong></span> <span class='ocrx_word' id='word_1_234' title='bbox 922 4098 983 4165; x_wconf 89' lang='lat' dir='ltr'><strong>fine</strong></span> <span class='ocrx_word' id='word_1_235' title='bbox 997 4101 1136 4184; x_wconf 89' lang='lat' dir='ltr'><strong>positum</strong></span> <span class='ocrx_word' id='word_1_236' title='bbox 1159 4103 1207 4166; x_wconf 88' lang='lat' dir='ltr'><strong>est</strong></span> <span class='ocrx_word' id='word_1_237' title='bbox 1228 4117 1274 4164; x_wconf 90' lang='lat' dir='ltr'><strong>au</strong></span> <span class='ocrx_word' id='word_1_238' title='bbox 1285 4104 1439 4166; x_wconf 87' lang='lat' dir='ltr'><strong>ctorem</strong></span> 
     </span>
     <span class='ocr_line' id='line_1_31' title="bbox 240 4203 1440 4296; baseline 0.008 -28"><span class='ocrx_word' id='word_1_239' title='bbox 240 4203 391 4269; x_wconf 88' lang='lat' dir='ltr'><strong>salutis</strong></span> <span class='ocrx_word' id='word_1_240' title='bbox 413 4206 702 4288; x_wconf 78' lang='lat' dir='ltr'><strong>nostraeJesum</strong></span> <span class='ocrx_word' id='word_1_241' title='bbox 725 4210 745 4274; x_wconf 93' lang='lat' dir='ltr'><strong>i.</strong></span> <span class='ocrx_word' id='word_1_242' title='bbox 770 4229 796 4275; x_wconf 89' lang='lat' dir='ltr'><strong>e.</strong></span> <span class='ocrx_word' id='word_1_243' title='bbox 820 4213 976 4277; x_wconf 90' lang='lat' dir='ltr'><strong>utauetor</strong></span> <span class='ocrx_word' id='word_1_244' title='bbox 998 4210 1086 4277; x_wconf 85' lang='lat' dir='ltr'><strong>fieret</strong></span> <span class='ocrx_word' id='word_1_245' title='bbox 1102 4211 1212 4278; x_wconf 88' lang='lat' dir='ltr'><strong>salutis</strong></span> <span class='ocrx_word' id='word_1_246' title='bbox 1228 4216 1364 4292; x_wconf 86' lang='lat' dir='ltr'><strong>nostrae,</strong></span> <span class='ocrx_word' id='word_1_247' title='bbox 1382 4231 1440 4296; x_wconf 88' lang='lat' dir='ltr'><strong>per</strong></span> 
     </span>
    </p>
   </div>
   <div class='ocr_carea' id='block_1_3' title="bbox 242 4351 289 4359">
    <p class='ocr_par' dir='ltr' id='par_1_7' title="bbox 242 4351 289 4359">
     <span class='ocr_line' id='line_1_32' title="bbox 242 4351 289 4359; baseline -0.021 0"><span class='ocrx_word' id='word_1_248' title='bbox 242 4351 289 4359; x_wconf 81' lang='lat'><strong>--.</strong></span> 
     </span>
    </p>
   </div>
   <div class='ocr_carea' id='block_1_4' title="bbox 241 4420 1438 4589">
    <p class='ocr_par' dir='ltr' id='par_1_8' title="bbox 241 4420 1438 4589">
     <span class='ocr_line' id='line_1_33' title="bbox 343 4420 1438 4494; baseline 0.007 -22"><span class='ocrx_word' id='word_1_249' title='bbox 343 4420 360 4489; x_wconf 80' lang='lat'><strong>¹)</strong></span> <span class='ocrx_word' id='word_1_250' title='bbox 380 4421 445 4473; x_wconf 81' lang='lat' dir='ltr'><strong>Helu</strong></span> <span class='ocrx_word' id='word_1_251' title='bbox 465 4424 489 4475; x_wconf 78' lang='lat'><strong>2.</strong></span> <span class='ocrx_word' id='word_1_252' title='bbox 512 4421 554 4476; x_wconf 83' lang='lat'><strong>10.</strong></span> <span class='ocrx_word' id='word_1_253' title='bbox 576 4451 606 4460; x_wconf 87' lang='lat'>-</span> <span class='ocrx_word' id='word_1_254' title='bbox 631 4420 649 4490; x_wconf 80' lang='lat'><strong>²)</strong></span> <span class='ocrx_word' id='word_1_255' title='bbox 669 4422 742 4476; x_wconf 84' lang='lat' dir='ltr'><strong>Pror.</strong></span> <span class='ocrx_word' id='word_1_256' title='bbox 766 4424 808 4478; x_wconf 86' lang='lat' dir='ltr'><strong>lt&#39;.</strong></span> <span class='ocrx_word' id='word_1_257' title='bbox 828 4424 854 4478; x_wconf 91' lang='grc'><strong>4,</strong></span> <span class='ocrx_word' id='word_1_258' title='bbox 876 4425 932 4481; x_wconf 87' lang='lat' dir='ltr'><strong>cod.</strong></span> <span class='ocrx_word' id='word_1_259' title='bbox 946 4427 1101 4492; x_wconf 85' lang='lat' dir='ltr'><strong>semetipsos.</strong></span> <span class='ocrx_word' id='word_1_260' title='bbox 1123 4453 1157 4464; x_wconf 90' lang='lat'><em>-</em></span> <span class='ocrx_word' id='word_1_261' title='bbox 1177 4421 1199 4494; x_wconf 85' lang='lat'><strong>⁸)</strong></span> <span class='ocrx_word' id='word_1_262' title='bbox 1217 4425 1289 4478; x_wconf 82' lang='lat' dir='ltr'><strong>Joan.</strong></span> <span class='ocrx_word' id='word_1_263' title='bbox 1310 4425 1336 4480; x_wconf 92' lang='grc'><strong>1.</strong></span> <span class='ocrx_word' id='word_1_264' title='bbox 1356 4427 1382 4480; x_wconf 83' lang='grc'><strong>3.</strong></span> <span class='ocrx_word' id='word_1_265' title='bbox 1404 4455 1438 4470; x_wconf 90' lang='lat'><em>-</em></span> 
     </span>
     <span class='ocr_line' id='line_1_34' title="bbox 241 4519 436 4589; baseline 0.01 -15"><span class='ocrx_word' id='word_1_266' title='bbox 241 4519 263 4589; x_wconf 87' lang='lat'><strong>⁴)</strong></span> <span class='ocrx_word' id='word_1_267' title='bbox 282 4521 343 4574; x_wconf 83' lang='lat' dir='ltr'><strong>Gon.</strong></span> <span class='ocrx_word' id='word_1_268' title='bbox 366 4522 389 4574; x_wconf 89' lang='lat'><strong>1.</strong></span> <span class='ocrx_word' id='word_1_269' title='bbox 411 4521 436 4576; x_wconf 86' lang='lat'><strong>3.</strong></span> 
     </span>
    </p>
   </div>
   <div class='ocr_carea' id='block_1_5' title="bbox 0 0 1592 5190">
    <p class='ocr_par' dir='ltr' id='par_1_9' title="bbox 0 0 1592 5190">
     <span class='ocr_line' id='line_1_35' title="bbox 0 0 1592 5190; baseline 0 0"><span class='ocrx_word' id='word_1_270' title='bbox 0 0 1592 5190; x_wconf 95' lang='lat' dir='ltr'><strong> </strong></span> 
     </span>
    </p>
   </div>
  </div>
 </body>
</html>
