3158 5212
1311 383 1350 448 71

143 552 180 615 ut
201 547 322 634 templo
344 548 404 615 Dei
425 547 615 630 manufacto,
643 551 814 634 quoderat
837 552 867 616 in
891 550 1113 636 ierosolymis,
1142 553 1291 620 nimirum
1315 553 1349 620 in

142 662 257 744 typum
279 658 426 726 ecclesiae
448 659 637 727 fabricatum
659 664 691 727 et
711 661 770 742 his,
795 680 873 747 quae
900 662 981 729 circa
1008 663 1115 750 ipsum
1144 665 1237 749 gesta
1266 666 1349 748 eunt,

143 770 236 836 nobis
260 771 397 836 admotis
430 789 486 855 pro
510 773 634 856 speculo
670 772 719 837 vel
740 772 831 855 quasi
854 773 1039 858 auguriandi
1060 774 1176 858 scypho
1200 792 1245 856 ea,
1273 792 1351 860 quae

144 901 246 966 usque
267 883 308 947 ad
329 885 437 948 nostra
459 887 600 968 tempora
623 884 706 950 circa
728 883 891 949 ecclesiam
906 883 965 949 Dei
983 887 1073 968 gesta
1088 888 1170 965 sunt,
1194 904 1268 950 cum
1287 886 1350 952 illis

143 992 385 1082 conferamue‚¹)
401 997 429 1061 si
442 992 575 1060 forsitan
593 1013 629 1060 ex
641 1011 750 1060 eorum
767 994 807 1058 ad
825 993 958 1060 inuicem
971 995 1136 1060 collatione
1154 995 1245 1062 nobis
1262 997 1370 1062 inno.

145 1107 257 1185 tescat,
281 1124 317 1170 en
340 1124 400 1191 quc
416 1108 555 1190 tempore
572 1103 761 1171 abominatio
778 1105 978 1171 desolationis
992 1105 1026 1171 in
1042 1106 1158 1188 templo
1176 1109 1243 1188 Dei,
1267 1109 1352 1191 qnod

147 1218 194 1281 est
217 1215 356 1298 ecclesia,
386 1215 608 1299 mysterialiter
635 1219 718 1280 stare
745 1215 890 1301 coeperit.
924 1215 1046 1300 Nempe
1073 1235 1151 1301 opus
1175 1216 1351 1284 Salomonis

148 1327 302 1410 templum
335 1325 527 1392 aedificantis
560 1325 664 1411 typice
699 1326 815 1394 christi
849 1326 990 1393 conferre
1020 1326 1164 1411 operibus
1187 1328 1351 1394 ecclesiam

148 1455 239 1502 suam
257 1437 495 1523 praedicatione,
517 1437 676 1502 miraculis
699 1438 739 1503 ad
762 1441 935 1504 extremum
956 1439 1110 1522 passionis
1133 1457 1258 1523 quoque
1279 1456 1352 1523 prc-

148 1548 235 1631 priae
257 1549 422 1632 impendiis
447 1547 657 1615 construentis
680 1547 756 1613 satis
779 1549 933 1614 usitatum
954 1551 1012 1616 est.
1035 1547 1180 1616 Mortuus
1204 1555 1252 1617 est
1267 1551 1351 1617 enim

147 1660 302 1726 Dominus
314 1661 408 1727 Jesus
421 1658 628 1743 redemptioni
638 1662 773 1741 nostrae,
796 1659 964 1726 resurrexit
977 1658 1195 1743 justificationi
1216 1665 1352 1743 nostrae,

146 1771 289 1837 ascendit
310 1771 573 1837 consummationi
595 1772 730 1850 nostrae,
757 1770 902 1854 spiritum
926 1789 1049 1854 quoque
1071 1775 1215 1838 sanctum
1231 1773 1353 1839 remisit

146 1882 388 1948 sanctificationi
410 1886 442 1948 et
464 1881 692 1948 confirmationi
713 1882 851 1960 nostrae,
875 1881 929 1964 qui
951 1883 1104 1965 templum
1121 1886 1266 1949 sanctum
1280 1883 1347 1967 eius

147 2013 218 2059 esse
247 1993 395 2060 debemus
429 1996 460 2060 et
494 2012 611 2059 sumus.
658 1993 702 2059 At
724 2013 776 2058 ren
798 1992 968 2076 Babylonis
991 1995 1135 2079 princeps
1159 1994 1348 2062 confusionis

145 2106 290 2172 diabolus
313 2105 465 2188 templum
492 2104 552 2169 hcc
581 2105 640 2170 Dei
670 2108 824 2186 sanctum,
861 2106 943 2189 quod
966 2108 1015 2170 est
1037 2105 1175 2186 ecclesia,
1196 2106 1351 2193 'quietum

145 2235 216 2282 esse
238 2233 350 2299 passus
372 2233 435 2280 non
457 2216 515 2296 est,
539 2215 698 2280 concitans
716 2216 866 2282 adversus
881 2215 959 2281 illud
975 2214 1133 2281 Romanos
1147 2217 1350 2301 imperatores

145 2327 234 2392 velut
256 2326 383 2391 alterius
406 2324 576 2409 Babylonis
599 2325 763 2409 principes,
800 2344 855 2409 per
877 2343 956 2408 quos
979 2325 1062 2392 idem
1084 2328 1238 2411 templum
1261 2345 1350 2394 sanc·

145 2440 216 2502 tum
247 2440 384 2502 evertere
410 2454 446 2502 ac
476 2435 571 2501 fidem
599 2434 787 2502 labefactare
818 2437 946 2502 molitus
970 2440 1028 2503 est.
1071 2437 1206 2503 Romam
1228 2438 1350 2523 quippe,

145 2555 183 2617 ut
199 2566 294 2633 supra
310 2566 432 2633 quoque
446 2547 620 2627 docuimus,
644 2546 756 2612 Petrus
779 2546 896 2630 tropice
907 2547 1032 2613 nomine
1043 2546 1213 2631 Babylonis
1225 2552 1351 2632 propter

146 2679 273 2726 mamm
285 2659 522 2725 similitudinem
534 2657 682 2722 denotat:
705 2653 891 2739 Salutat,
910 2657 1063 2742 inquiens,
1087 2675 1160 2724 uos
1179 2660 1350 2726 ecclesia

145 2773 184 2838 in
206 2770 412 2856 Babylone
434 2769 651 2857 collectal)
673 2771 764 2837 Hanc
787 2769 869 2834 enim
884 2767 1049 2852 epistolam
1064 2768 1191 2854 scripsit
1206 2772 1346 2855 tempore

147 2883 271 2953 claudii
293 2883 432 2951 Caesaris
454 2883 572 2949 Romae
595 2883 803 2962 constitutus,
835 2879 942 2946 Marco
972 2879 1122 2962 discipulo
1153 2879 1219 2965 ejus
1242 2900 1349 2948 secum

144 2997 212 3062 illic
225 2996 449 3061 commorante.
472 2995 596 3076 Quanta
618 3012 690 3060 vero
713 2993 858 3059 inimicus
880 2991 913 3056 in
935 2990 994 3056 hoc
1017 2995 1125 3057 sancto
1141 2992 1200 3057 Dei
1218 2994 1345 3076 templo,

147 3108 232 3192 quod
255 3109 303 3172 est
326 3105 463 3187 ecclesia,
487 3107 650 3170 evertendo
674 3104 769 3170 simul
791 3107 823 3169 et
844 3103 877 3169 in
897 3103 950 3169 illo
967 3102 1146 3168 manufacto
1162 3105 1349 3187 666616166-

146 3239 207 3304 que
228 3217 398 3302 Babylonis
420 3217 575 3301 principes
599 3215 788 3300 malignatus
811 3217 869 3295 est,
892 3217 928 3279 ut
950 3231 1044 3297 supra
1067 3232 1190 3298 quoque
1212 3235 1349 3282 comme·

146 3330 348 3410 mutavimus,
371 3332 478 3394 nostra
494 3327 757 3393 demonstratione
771 3344 833 3391 non
849 3326 969 3410 indiget
982 3350 989 3404 ;
1012 3342 1086 3390 nam
1101 3329 1133 3392 et
1150 3326 1223 3393 libri
1237 3347 1347 3412 regum

145 3441 258 3524 templi
281 3439 455 3506 manufacti
477 3440 668 3506 eversionem
691 3437 853 3503 continent
879 3440 910 3502 et
936 3436 1083 3502 ecclesiae
1105 3455 1231 3522 agones,
1268 3457 1348 3504 mar-

147 3557 254 3637 tyrum
274 3557 364 3636 gesta
384 3551 629 3617 immanissimae
653 3549 849 3614 crudelitatis
872 3549 962 3630 plena
983 3549 1148 3628 testantur,
1171 3565 1250 3633 quae
1265 3550 1349 3615 auri-

145 3665 205 3729 bus
234 3663 350 3729 nostris
381 3663 550 3729 cottidiana
570 3663 757 3746 ingeruntur
778 3661 919 3727 lectione.
965 3658 1012 3722 De
1035 3660 1167 3742 utreque
1191 3660 1347 3745 siquidem

144 3776 250 3856 domo,
284 3775 322 3839 de
347 3772 399 3838 illa
425 3774 568 3839 videlicet
595 3772 774 3838 manufacta
809 3776 840 3838 et
867 3773 905 3838 de
934 3772 1005 3851 ista,
1041 3790 1119 3856 quae
1146 3775 1194 3838 est
1216 3771 1345 3837 ecclesia

145 3886 214 3967 Dei,
239 3889 323 3951 recte
344 3886 398 3950 illa
420 3885 601 3968 conquestio
624 3885 819 3970 intelligitur,
843 3903 937 3968 quam
961 3883 1106 3950 ecclesiae
1128 3900 1219 3948 voces
1237 3882 1348 3966 depro-

144 4001 238 4063 munt
270 3998 431 4083 psallendo
466 3997 613 4063 dicentis:
645 3998 752 4062 Deus
787 3999 987 4062 venerunt
1013 3998 1160 4080 gentes
1190 3994 1229 4058 in
1260 3994 1347 4059 hae·

144 4108 363 4176 reditatem
385 4111 506 4187 tuam,
530 4109 763 4191 polluerunt
785 4109 978 4191 templum
1002 4109 1188 4172 sanctum
1211 4110 1346 4186 tuum,

147 4303 399 4316 ffl---mss

251 4398 270 4468 ¹)
289 4401 345 4454 cod.
366 4398 529 4453 conferimus,

250 4498 270 4568 2)
288 4497 310 4553 Ι.
332 4497 448 4554 Ρ61615.
469 4497 513 4555 13.
