3074 5198
570 802 680 870 cap.
698 801 839 864 xvn.

107 952 183 1021 lhos
205 969 328 1040 quoque
357 949 461 1021 fortes
483 949 505 1018 i.
529 967 557 1018 e.
583 949 724 1019 virtutes
750 950 854 1019 llevih
879 945 924 1020 in'
945 952 998 1020 his
1023 951 1129 1021 tribus
1158 953 1304 1043 intelligi

465 1061 488 1130 i.
511 1079 538 1130 e.
560 1061 625 1147 via,
648 1062 789 1132 vomtate
812 1063 847 1132 et
868 1062 948 1132 vita.

203 1251 280 1318 ures
304 1267 425 1335 quoque
445 1247 542 1320 fortes
557 1253 581 1334 ¹)
612 1250 729 1336 primos
752 1249 817 1316 veri
837 1250 939 1317 David
959 1250 980 1318 i.
1004 1271 1031 1319 e.
1055 1252 1182 1318 Domini
1204 1255 1304 1321 nostri

105 1361 180 1429 lesu
203 1359 324 1428 Christi
344 1361 377 1426 in
398 1361 456 1430 hec
477 1363 560 1430 trina
580 1361 775 1448 professione
799 1379 986 1447 cognoscere
1008 1367 1065 1447 est,
1098 1363 1131 1428 in
1161 1384 1197 1430 eo
1221 1367 1303 1449 quod

106 1491 136 1538 se
156 1472 250 1552 riam,
273 1473 435 1542 veritatem
457 1477 489 1541 et
510 1474 609 1541 uitam
629 1455 805 1560 profitetur.
836 1473 883 1538 De
905 1472 1018 1557 quibua
1040 1473 1173 1542 fortibus
1196 1477 1303 1544 inille

106 1583 207 1668 typico
230 1583 334 1650 David
356 1585 579 1669 scriptumest
610 1584 741 1669 singulis
772 1582 905 1650 fortibus
927 1585 1111 1652 nominatim
1133 1588 1303 1673 designatis

105 1695 251 1780 quoniam
282 1698 323 1762 ad
343 1701 408 1763 tros
430 1697 547 1782 primos
569 1713 633 1762 non
653 1693 858 1780 pervenerint,
893 1713 965 1761 oum
998 1699 1103 1762 umen
1136 1701 1200 1764 tres
1232 1699 1303 1764 illos

103 1809 219 1894 primos
252 1808 438 1875 nominatim
471 1807 626 1892 scriptura
648 1824 710 1872 non
732 1806 917 1889 expresserit
952 1807 1007 1872 sed
1028 1806 1061 1873 in
1082 1805 1183 1873 tribus
1205 1808 1305 1874 virtu·

103 1921 187 1987 tibus
210 1920 230 1987 i.
255 1939 282 1987 e.
305 1919 491 1998 humilitate,
526 1917 682 2004 sapientia
703 1919 735 1983 et
756 1915 938 1983 tortitudine
959 1915 1064 1985 David
1096 1917 1229 2004 intelligi
1251 1938 1306 1986 vo-

102 2033 206 2100 luerit.
251 2030 300 2098 De
321 2031 371 2097 his
391 2049 525 2114 namque
547 2028 681 2096 fortibus
703 2028 723 2094 i.
749 2049 776 2094 o.
799 2026 900 2095 tribus
917 2027 990 2112 jam·
1008 2030 1108 2096 (lectis
1132 2029 1302 2097 virtutibus

105 2144 206 2211 David
229 2143 386 2229 scriptura
409 2142 454 2210 sic
475 2142 538 2208 ait:
560 2141 683 2208 David
705 2142 847 2208 sedens
869 2139 907 2206 in
929 2141 1123 2207 cathedra
1147 2141 1305 2227 sapien-

101 2255 280 2322 tissimus
301 2255 391 2338 ipso
413 2252 650 2320 tenerrimus
672 2251 773 2336 ligni
795 2253 1054 2334 vermiculus,
1091 2253 1151 2337 qui
1184 2254 1305 2322 octin-

102 2369 249 2450 gentos
283 2364 496 2432 interfecit
515 2364 664 2448 impetu
684 2361 800 2448 coefi)
845 2363 927 2430 Nam
950 2365 1033 2449 quod
1053 2364 1098 2429 ait
1122 2365 1250 2443 „sedens
1273 2367 1305 2432 in

102 2478 249 2544 cathedra
270 2476 541 2563 sapientissimus“
566 2477 635 2561 ipsa
656 2480 705 2544 ost
727 2477 882 2563 sapientia
901 2475 1013 2544 David.
1036 2477 1128 2560 Quod
1149 2477 1195 2543 ait
1219 2479 1305 2563 „ipse

101 2590 287 2656 tenerrimus
305 2588 383 2673 ligni
404 2587 610 2655 vermiculus“
634 2588 704 2673 ipsa
725 2591 774 2653 est
795 2587 955 2652 humilitas
974 2586 1085 2666 Dauid,
1112 2587 1183 2671 „qni
1206 2589 1305 2654 octin-

99 2704 211 2788 gentos
234 2699 390 2766 interfecit
411 2718 473 2765 nno
493 2699 631 2783 impetu“
655 2699 724 2783 ipsa
745 2698 896 2764 fortitudo
919 2698 1029 2763 David.
1075 2698 1147 2781 Ipse
1169 2715 1304 2784 namque

99 2813 254 2879 Dominus
274 2809 369 2876 lesus
402 2812 509 2876 noster
528 2809 629 2875 David
663 2808 849 2875 manufortis
872 2811 903 2874 et
926 2808 995 2874 visu
1017 2809 1228 2876 desiderabilis
1251 2831 1305 2895 per

99 2923 311 2989 humilitatem
335 2922 425 2988 nohis
447 2922 498 2988 via
519 2940 643 2988 morum
664 2925 722 3002 est,
746 2941 800 3006 pon
822 2921 1007 3006 sapientiam
1028 2921 1142 2987 veritas
1159 2922 1305 3006 physicae

98 3034 303 3115 christianae,
338 3053 393 3117 por
414 3034 632 3100 fortitudinem
664 3033 775 3100 mortis
798 3036 830 3098 ot
852 3032 1086 3098 resurrectionis
1120 3051 1212 3114 suae,
1244 3052 1304 3118 qua

99 3147 296 3230 octingentos
330 3144 504 3229 allophylos
537 3144 559 3212 i.
583 3165 618 3250 ⁰2
643 3144 788 3210 umversa
828 3142 919 3209 nobis
952 3143 1117 3225 contraria,
1138 3146 1303 3213 daemones

97 3257 245 3324 videlicet
276 3254 418 3322 inimicos
439 3258 566 3321 nostros
589 3275 661 3323 cum
682 3255 819 3340 peccatis
840 3257 872 3320 et
893 3258 994 3321 morte
1016 3271 1052 3320 ac
1076 3256 1218 3337 miseriis,
1241 3277 1304 3322 uno

97 3371 218 3454 impetu
239 3367 405 3448 interiecit,
427 3367 588 3453 perhanc,
612 3368 751 3452 inquam,
774 3366 989 3431 fortitudinem
1010 3366 1075 3432 vita
1096 3367 1186 3432 nobis
1201 3367 1303 3434 lactus

99 3485 156 3549 est.
180 3479 245 3545 Per
266 3479 476 3545 humilitatem
499 3497 556 3545 nos
578 3479 618 3544 ad
640 3497 743 3545 mores
765 3477 922 3543 instruens
945 3477 1005 3542 ait:
1036 3477 1186 3544 discite
1208 3495 1227 3543 a
1250 3499 1304 3544 me

99 3593 194 3678 qnia
225 3588 340 3656 mitis
372 3609 452 3657 snm
474 3593 514 3656 ot
534 3590 703 3657 humilis
732 3588 907 3668 corde;³)
934 3589 1140 3654 adventatis
1171 3590 1304 3673 cogniti·

98 3721 190 3768 onem
213 3719 270 3766 nes
286 3702 466 3768 avanitatis
489 3693 655 3768 ‹lile‘ctione
676 3703 812 3768 invitans
834 3703 898 3768 ait:
918 3701 998 3767 nisi
1022 3699 1112 3784 quis
1135 3701 1302 3766 renunti-

96 3814 232 3880 averit
254 3811 444 3894 omnibns‚
479 3830 579 3898 qnae
600 3814 790 3899 possidet
820 3831 895 3879 non
917 3815 1052 3896 potest
1073 3831 1178 3878 mens
1212 3831 1304 3878 esse

97 3924 338 4010 discipulus,
347 3923 373 4010 ⁴)
405 3925 482 3992 item
501 3925 690 3992 adolescenti
707 3923 859 4010 nobisque
892 3925 925 3990 in
957 3923 1011 3989 illo
1035 3923 1068 3988 si
1089 3923 1166 4005 vis,
1190 3922 1302 4007 inquit,

96 4036 305 4122 periectas
339 4057 444 4120 esse,
466 4038 573 4120 rade,
592 4041 719 4106 vende
743 4038 882 4117 omnia,
916 4053 1017 4120 quae
1039 4034 1174 4116 habes,
1198 4039 1237 4102 ot
1259 4035 1303 4100 da

96 4146 339 4236 pauperibus
378 4154 416 4218 et
448 4151 615 4219 habebis
652 4151 890 4218 thesaurum
925 4149 962 4215 in
999 4148 1110 4216 coelo
1148 4150 1187 4214 et
1219 4149 1303 4213 reni

98 4320 350 4334 W

202 4416 223 4488 ²)
240 4416 279 4475 11.
299 4433 353 4484 reg.
382 4413 471 4472 aaa.
493 4416 537 4473 16.
564 4445 597 4458 -
630 4413 651 4485 ²)
670 4415 703 4471 ll.
723 4429 779 4480 reg.
798 4413 842 4468 23.
863 4413 888 4468 8.
918 4441 951 4451 -
981 4410 1003 4481 ³)
1021 4411 1106 4466 Math.
1127 4409 1169 4462 11.
1191 4408 1233 4463 29.
1271 4434 1300 4448 «ι

96 4518 119 4590 ⁴)
139 4521 204 4576 Luc.
223 4517 266 4575 14.
286 4517 331 4574 33.
1164 4591 1199 4656 Γ

1184 4612 1204 4656 ἶ)
