3168 5190
249 397 312 462 256

250 589 310 653 quo
333 571 532 636 construatur
569 571 698 654 requirit
734 589 794 653 quo
828 572 907 637 alius
944 576 1108 640 construas
1144 575 1284 651 „iactus“
1321 575 1381 641 nisi
1415 577 1456 638 ad

253 681 372 758 ,‚filius“
408 682 439 746 in
474 684 559 747 textu
582 683 747 748 verborum
769 685 1013 766 apostolicorum
1034 704 1096 750 non
1118 686 1266 753 invenies.
1311 689 1394 754 Nam
1417 707 1456 753 ne

250 792 496 859 subaudiendum
519 796 608 876 putes
631 794 723 858 homo
746 795 785 858 ad
811 794 951 870 ‚,factus“
975 796 1025 861 vel
1047 797 1163 880 aliquid
1186 797 1339 882 ejusmodi
1361 798 1456 864 dicti·

250 906 363 970 nucula
384 904 515 970 relatiua
540 904 567 969 ei
589 923 651 969 non
672 906 792 989 patitur
814 907 873 970 nisi
907 908 1051 972 adalind
1075 910 1239 975 relativum
1263 910 1402 976 construi
1426 913 1458 975 et

251 1015 455 1081 determinato
480 1016 649 1080 secundum
683 1033 807 1080 carnem
829 1018 971 1100 apposita
993 1037 1055 1083 non
1078 1022 1110 1084 te
1132 1019 1207 1084 sinit
1227 1022 1267 1085 ad
1291 1019 1389 1084 Verbi
1410 1019 1458 1084 ui-

251 1125 414 1191 cinitatem
436 1145 600 1192 recurrere.
646 1127 727 1190 Item
751 1128 832 1210 quod
867 1127 912 1192 ait
939 1147 975 1192 ex
996 1130 1115 1196 semine
1135 1131 1236 1196 David
1268 1131 1308 1196 ad
1328 1130 1457 1215 virginis

251 1238 375 1322 partum
407 1255 465 1302 uos
498 1235 606 1316 mittit,
641 1254 718 1321 quae
752 1237 790 1301 de
823 1237 919 1320 stirpe
951 1239 1053 1303 David
1084 1240 1182 1324 regali
1215 1243 1321 1306 oxortu
1340 1241 1377 1305 de
1400 1257 1457 1305 sno

252 1347 369 1412 semine
390 1366 447 1432 por
471 1346 645 1432 spiritualia
668 1345 801 1430 Spiritus
832 1347 932 1412 sancti
956 1350 1181 1416 delectamenta
1202 1350 1305 1416 Verbo
1330 1352 1388 1416 Dei
1409 1351 1459 1416 iu-

251 1457 391 1522 violabili
417 1457 561 1523 videlicet
592 1461 721 1540 paterno
752 1459 862 1524 semini
897 1460 983 1527 unito
1018 1481 1126 1528 verum
1159 1461 1250 1528 nobis
1274 1463 1459 1530 Emmanuel

252 1571 423 1637 Dominum
444 1572 555 1639 Jesum
579 1569 741 1637 Christum
763 1569 930 1655 progenuit
952 1573 1055 1638 totum
1077 1591 1185 1654 suum,
1221 1577 1325 1640 totum
1347 1579 1379 1640 et
1400 1575 1460 1641 Dei

252 1681 363 1748 filium.
386 1684 511 1763 Totum,
533 1682 675 1766 inquam,
700 1701 792 1746 suum
814 1683 833 1748 i.
858 1703 882 1750 e.
907 1702 970 1749 non
992 1686 1095 1751 solum
1116 1687 1149 1752 in
1172 1706 1207 1752 eo
1232 1688 1315 1771 quod
1337 1707 1374 1754 ex
1394 1688 1462 1753 vir·

254 1793 325 1879 gine
347 1797 511 1879 sumptum
533 1797 581 1858 est
614 1794 668 1858 sed
703 1795 734 1858 et
766 1793 800 1858 in
833 1795 975 1878 eoquod
1008 1815 1062 1879 per
1090 1795 1156 1880 ejus
1180 1815 1319 1864 amorem
1352 1800 1459 1866 aDeo

254 1908 417 1991 acceptum
440 1907 471 1970 et
493 1907 677 1988 conceptum
699 1905 757 1969 est.
792 1904 907 1970 Totum
931 1905 1025 1970 etiam
1044 1907 1144 1974 Deli.
1168 1930 1195 1975 e.
1218 1928 1281 1974 non
1304 1911 1406 1976 solnm
1427 1911 1460 1976 in

255 2037 290 2083 eo
314 2019 395 2102 quod
418 2037 454 2082 er
475 2019 603 2100 paterna
625 2014 801 2082 substantia
829 2018 1029 2102 progenitum
1059 2019 1114 2084 sed
1136 2023 1167 2084 et
1185 2020 1218 2084 in
1241 2039 1278 2086 eo
1301 2021 1384 2104 quod
1405 2040 1460 2106 per

256 2146 395 2194 amorem
428 2128 487 2194 Dei
508 2126 612 2192 Patris
636 2148 672 2194 er
693 2127 813 2212 uirgine
846 2133 1009 2213 acceptum
1031 2133 1063 2195 et
1085 2134 1271 2216 conceptum
1305 2135 1362 2212 est,
1397 2149 1459 2196 nou

257 2241 416 2326 duplicata
438 2288 446 2303 .
470 2288 478 2304 .
503 2286 510 2303 .
534 2243 676 2324 separata
692 2238 787 2304 Verbi
806 2241 994 2306 assumentis
1010 2244 1042 2307 et
1056 2241 1191 2307 hominis
1213 2242 1367 2326 assumpti
1389 2260 1462 2308 oon-

257 2352 397 2435 ceptione
418 2351 556 2435 alioquin
579 2352 639 2415 duo
663 2351 806 2436 concepti
827 2369 864 2416 ac
886 2351 1026 2436 proinde,
1063 2355 1099 2417 ιιι
1118 2351 1284 2419 Nestorius
1308 2353 1460 2432 deliravit,
1564 2367 1565 2436 j

257 2464 353 2529 etiam
373 2463 435 2527 duo
453 2465 558 2528 essent
580 2462 636 2528 filii
660 2463 744 2528 Deus
768 2463 924 2544 ethome,
946 2464 1085 2530 seduna
1108 2465 1306 2548 conceptione
1322 2466 1407 2531 Deus
1429 2465 1461 2529 iu

256 2575 415 2641 homiuem
438 2577 470 2640 et
491 2575 584 2640 lromo
607 2575 640 2640 iu
662 2573 766 2640 Deum
788 2579 955 2659 conceptus
979 2579 1044 2656 est,
1068 2591 1131 2640 una
1154 2593 1277 2660 quoque
1298 2575 1462 2642 nativitate
1564 2589 1565 2650 ἦ

257 2687 290 2750 in
311 2686 382 2771 ipsa
403 2683 524 2770 virgine
546 2684 651 2752 Patris
673 2685 737 2752 Dei
758 2705 875 2772 sponsa
896 2691 988 2753 uatus
1011 2691 1067 2755 est.
1099 2689 1212 2772 Quod
1234 2687 1335 2753 enim
1357 2687 1397 2753 iu
1419 2704 1462 2753 ea
1564 2691 1565 2746 ἶ

258 2801 390 2863 uatum
413 2801 488 2876 est,
509 2797 554 2862 ait
575 2799 725 2882 angelus,x
749 2798 795 2863 de
816 2797 974 2885 Spiritu
994 2803 1133 2866 sancto
1157 2804 1228 2866 est.
1245 2798 1269 2884 1)
1312 2798 1462 2866 Nondum
1564 2793 1565 2844 ἓ

261 2913 328 2975 erat
350 2913 442 2974 natus
465 2929 501 2974 ex
523 2927 559 2974 ea
581 2909 699 2992 etjam
720 2911 918 2995 praedicatur
940 2914 1033 2976 natus
1047 2911 1080 2976 in
1095 2929 1140 2992 ea,
1163 2915 1199 2978 ut
1214 2912 1371 2995 intelligas
1393 2928 1462 2994 eam
1564 2945 1565 2980 ι

259 3020 454 3085 nativitatem
488 3037 548 3103 qua
570 3038 642 3084 eum
664 3021 758 3085 Pater
790 3023 899 3105 genuit
919 3022 951 3086 in
974 3021 1094 3107 virgine
1116 3028 1226 3107 postea
1249 3022 1461 3109 generandum
1564 3021 1565 3106 J

260 3132 297 3197 de
319 3131 447 3215 virgine,
471 3131 553 3195 sicut
574 3149 634 3196 usu
657 3149 778 3216 quoque
799 3133 934 3198 naturali
954 3133 1042 3216 prius
1064 3131 1205 3198 nascitur
1220 3132 1303 3199 filius
1319 3153 1354 3198 er
1371 3136 1462 3217 patre

259 3243 292 3308 iu
314 3245 414 3306 matre
435 3242 639 3327 postmodum
662 3239 839 3306 nasciturus
863 3240 900 3306 de
915 3244 1025 3322 matre,
1048 3261 1147 3326 neque
1162 3244 1269 3306 tamen
1284 3241 1462 3326 duplicatur
1564 3241 1565 3274 l

260 3352 369 3419 filiatio
403 3353 449 3419 sic
470 3353 537 3419 nati
558 3353 614 3419 filii
647 3353 703 3416 sed
736 3355 785 3417 est
806 3350 969 3418 amborum
1002 3352 1146 3418 videlicet
1176 3351 1276 3437 patris
1299 3355 1331 3417 et
1353 3350 1462 3417 matris

260 3485 341 3533 unus
364 3465 447 3530 filius
468 3463 646 3528 individuus
677 3467 762 3530 totus
785 3464 884 3549 patris
908 3467 993 3529 totus
1016 3467 1047 3528 et
1069 3463 1180 3529 matris
1202 3464 1296 3541 filius,
1319 3462 1461 3547 quamvis

260 3597 318 3645 uec
339 3579 377 3644 de
399 3579 466 3644 sola
488 3579 587 3641 matre
609 3594 667 3640 nco
689 3576 727 3640 de
749 3578 815 3641 solo
847 3578 935 3659 patre
957 3577 1058 3640 totam
1081 3575 1233 3641 essentiae
1256 3593 1329 3641 snae
1350 3571 1462 3638 habeat

263 3688 480 3755 substantiam.
527 3686 577 3752 Sic
600 3689 631 3750 et
654 3685 796 3753 Christus
830 3689 917 3752 totus
950 3685 1009 3750 Dei
1030 3685 1136 3753 Patris
1159 3688 1190 3751 et
1212 3688 1298 3751 totus
1334 3683 1461 3769 uirginis

262 3799 371 3865 matris
395 3802 443 3864 est
464 3797 558 3878 filius,
581 3797 723 3882 quamuis
745 3798 778 3862 in
801 3797 977 3863 substantia
998 3797 1123 3881 gemina
1139 3802 1307 3882 conceptus
1324 3801 1356 3862 et
1370 3798 1461 3861 uatus

261 3910 489 3975 humanitatem
522 3929 558 3975 ex
588 3913 696 3988 matre,
731 3908 926 3974 divinitatem
958 3927 1030 3975 vero
1064 3908 1178 3974 habeat
1210 3929 1246 3974 er
1278 3910 1378 3993 patre,
1413 3904 1462 3970 cui

263 4021 462 4087 aeternaliter
483 4022 617 4087 existens
639 4021 722 4086 filius
744 4038 807 4084 non
829 4020 931 4086 factus
949 4023 1004 4085 aut
1019 4023 1151 4100 creatus,
1175 4021 1269 4086 etiam
1292 4018 1461 4085 secuudum

263 4152 388 4201 carnem
410 4133 514 4198 factus
537 4135 585 4198 cst
613 4131 696 4197 filius
716 4150 753 4196 ex
774 4130 892 4197 semiue
912 4132 1013 4198 Dauid
1042 4132 1124 4198 sicut
1144 4129 1393 4215 praedestinatus
1415 4130 1463 4194 est

262 4246 296 4311 in
317 4245 434 4312 virtute
456 4244 625 4310 secundum
647 4243 792 4328 spiritum
814 4243 1068 4311 sanctificationis
1083 4263 1119 4310 ex
1134 4243 1358 4310 resurrectione
1380 4257 1462 4306 mor·

368 4499 386 4566 1)
406 4499 490 4554 Metu.
511 4496 535 4552 1.
555 4496 599 4552 ao.
