3168 5214
267 411 332 481 332

263 585 348 670 poris
370 585 402 650 in
424 585 540 650 saumis
573 581 753 650 hominibus
786 582 872 647 mota
903 579 1091 664 experientia
1122 577 1290 660 loquimur,
1324 572 1482 637 totamm
1572 555 1573 582 ³

265 698 381 764 sanetis
402 695 576 777 animabus,
600 696 764 780 quaejam
785 691 1080 777 emtaeoorpore1)
1102 695 1186 770 sunt,
1208 685 1375 753 ueletiam
1397 699 1484 746 cor·
1572 663 1573 684 ³

264 807 392 892 poribus
425 809 458 872 in
490 808 683 892 spiritualem
719 808 855 891 gratiam
878 811 909 871 et
930 807 1079 871 virtutem
1108 799 1309 870 commutatis
1332 794 1483 879 qualiter

265 921 315 984 vel
338 924 454 1003 quanta
475 919 665 985 abundantia
685 923 807 984 torrens
837 919 891 982 ille
920 919 1091 1002 voluptatis
1122 912 1333 999 paradisiacus
1354 904 1483 970 influat

265 1033 315 1098 vel
336 1051 398 1116 qua
417 1053 451 1099 so
472 1033 686 1098 intellectuum
722 1032 927 1096 admiratione
958 1034 1112 1114 quantave
1141 1045 1176 1091 se
1198 1022 1339 1088 claritate
1358 1019 1482 1082 lumen

265 1142 342 1208 illud
364 1143 535 1209 divinitatis
568 1145 600 1208 in
632 1144 716 1208 tertii
739 1145 816 1208 ooeli
838 1143 965 1207 secretis
997 1141 1121 1205 mundis
1154 1134 1299 1202 cordibus
1321 1128 1482 1197 infundat

266 1252 343 1318 nulli
364 1253 523 1320 hominem
544 1255 577 1319 in
590 1255 618 1336 ²)
650 1257 808 1339 praesenti
831 1255 895 1318 vita
925 1271 1017 1317 nosse
1043 1253 1093 1316 vel
1128 1248 1215 1331 loqui
1251 1234 1478 1321 conoessnm⁸)

267 1368 326 1430 est.
349 1364 439 1432 Unda
454 1370 485 1432 et
500 1367 616 1432 Paulus
633 1369 740 1432 eodem
755 1371 874 1450 raptus,
889 1366 1035 1444 andivi,
1050 1361 1162 1445 iuquit,
1178 1371 1321 1423 aroana
1336 1349 1482 1422 rerba,

269 1493 368 1559 qnae
390 1495 469 1542 non
490 1479 592 1543 lieet
613 1479 769 1544 homini
791 1482 950 1564 loqui.⁴)
973 1481 1014 1545 Et
1035 1479 1112 1543 bene
1133 1474 1218 1538 sive
1240 1470 1281 1533 in
1303 1480 1483 1550 corpore

268 1584 356 1650 sivo
379 1591 491 1651 extra
513 1606 665 1671 eorpus,
689 1589 742 1668 ait,
766 1589 906 1655 nescio.
931 1589 1021 1671 Quod
1043 1606 1099 1671 ogo
1122 1603 1184 1650 non
1217 1583 1319 1647 solnm
1349 1574 1389 1638 ad
1411 1573 1483 1636 hoc

268 1693 403 1762 arbitror
424 1697 587 1780 pertinere,
618 1703 653 1765 nt
681 1701 816 1766 nesciret
836 1702 1009 1787 apostolus,
1032 1704 1139 1765 utrum
1161 1696 1264 1761 anima
1287 1693 1377 1756 eruta
1398 1707 1481 1754 eor-

267 1827 342 1893 pore
362 1826 401 1874 an
417 1828 527 1892 eorpus
550 1829 622 1876 oum
644 1812 749 1877 anima
770 1814 879 1877 eodem
901 1815 1025 1896 raptum
1049 1811 1100 1890 sit,
1124 1809 1179 1874 sed
1200 1809 1237 1871 ut
1259 1821 1315 1870 sua
1329 1801 1475 1869 referens

269 1923 377 1984 nostra
410 1939 531 2004 qnoque
553 1923 585 1986 in
608 1923 722 2008 spiritu
744 1920 942 2006 praedixerit.
985 1919 1073 1984 Talia
1105 1919 1188 1982 enim
1220 1915 1284 1979 illio
1306 1917 1338 1978 ot
1359 1913 1477 1977 nostra

269 2028 375 2096 lutura
397 2032 598 2100 aestimamus
622 2053 766 2117 corpora,
789 2052 878 2118 quae,
902 2051 974 2098 oum
995 2035 1106 2096 natura
1129 2029 1222 2095 simul
1243 2028 1276 2090 et
1296 2043 1356 2090 usu
1378 2020 1480 2104 spiri-

270 2142 347 2207 tuali
371 2143 508 2226 quinque
530 2163 679 2210 sensuum
701 2163 830 2229 oorpora
853 2145 930 2226 sint,
953 2162 1009 2226 pro
1029 2141 1183 2225 spirituali
1204 2142 1310 2203 tamen
1332 2131 1479 2216 potantia

270 2256 302 2318 ot
325 2249 461 2319 offioaoia
496 2256 722 2338 quodammodo
746 2275 875 2340 corpora
898 2276 966 2322 esse
989 2253 1126 2320 dubitari
1148 2252 1282 2317 valeant,
1326 2245 1417 2312 Unde
1442 2245 1478 2307 et

270 2365 485 2450 apostolorum
517 2367 571 2432 illa
593 2369 631 2433 do
653 2369 784 2434 veritato
813 2369 950 2452 eorporis
975 2366 1090 2434 Christi
1111 2382 1130 2428 a
1154 2366 1254 2428 morto
1276 2353 1475 2440 resurgentis

270 2478 310 2542 ad
331 2477 441 2542 horam
463 2477 565 2544 extitit
587 2479 738 2545 dubitatio
763 2497 798 2544 eo
821 2480 903 2562 qnod
922 2479 1026 2562 januis
1050 2476 1163 2541 olansis
1186 2473 1225 2537 ad
1241 2489 1294 2536 eos
1309 2469 1475 2552 ingressus

273 2588 324 2668 sit,
348 2589 423 2655 aad:
445 2592 622 2675 palpate,
646 2591 699 2671 ait,
723 2591 926 2670 obsidete,
950 2585 1227 2674 quiaspiritus
1250 2594 1410 2647 earnem
1435 2581 1479 2641 et

274 2717 366 2766 ossa
380 2719 444 2767 non
459 2702 534 2768 hab
543 2723 558 2768 e
567 2701 621 2788 tr)
645 2703 796 2769 Similiter
810 2706 916 2768 antem
931 2705 962 2768 et
976 2701 1067 2767 nobis
1090 2700 1217 2784 palpare
1232 2697 1263 2762 et
1278 2694 1382 2759 vidoro
1396 2709 1477 2758 oon-

249 2851 252 2862 ·
274 2812 397 2878 osdetnr
408 2811 481 2893 illio,
488 2818 524 2878 ut
535 2815 572 2879 do
588 2815 689 2880 salute
703 2813 841 2898 eorporis
853 2813 953 2879 nostri
964 2813 1058 2879 simul
1069 2814 1101 2877 et
1112 2811 1232 2875 animae
1243 2802 1476 2873 illuminatione

272 2922 463 2988 confirmatis
477 2924 510 2988 in
524 2943 581 2990 nos
598 2924 739 2990 dubitare
753 2926 877 3010 penitus
893 2944 956 2991 non
970 2925 1117 2990 sinamur.
1143 2920 1267 2987 Orietnr
1282 2917 1365 2982 enim
1378 2912 1474 2980 nobis

272 3037 347 3099 tuno
379 3035 469 3117 pleno
492 3034 539 3100 sol
557 3033 708 3119 justitiae,
732 3040 768 3101 ut
790 3037 822 3101 in
844 3037 930 3103 tertii
952 3037 1030 3102 ooeli
1053 3036 1194 3100 claritate
1226 3048 1333 3098 veram
1366 3029 1476 3094 lnoom

272 3143 451 3210 immediate
483 3145 662 3212 hauriamus
694 3167 750 3232 per
770 3148 878 3213 mundi
900 3149 1000 3214 cordis
1030 3147 1224 3213 intellectum
1246 3146 1278 3207 ot
1298 3141 1415 3208 sanitas
1439 3138 1475 3203 in

272 3257 392 3338 pennis,
415 3258 451 3320 nt
473 3257 612 3341 eorporis
637 3276 756 3342 quoquo
779 3258 920 3324 sensibus
944 3256 1156 3342 spiritualibus
1173 3255 1304 3340 integris
1319 3251 1476 3340 paradisi·

272 3382 343 3432 anas
366 3367 536 3433 suavitates
560 3371 785 3454 quodammodo
808 3371 962 3455 palpando
986 3370 1166 3435 sentiamus.
1193 3369 1305 3450 Itaque
1327 3369 1358 3431 et
1379 3363 1475 3429 nobis

272 3479 347 3545 tuno
368 3477 461 3546 rebus
493 3479 569 3564 ipsis
592 3480 712 3547 dicente
734 3482 882 3546 Domino:
915 3482 1043 3566 palpato
1065 3483 1096 3545 et
1118 3481 1220 3545 videto
1248 3475 1474 3543 inaestimabili

273 3589 408 3674 quodam
441 3590 532 3657 modo
566 3590 764 3676 palpabimus
786 3595 818 3658 et
840 3591 1021 3674 videbimus,
1053 3590 1248 3677 palpabimus
1270 3589 1304 3653 in
1324 3585 1473 3673 paradiso

272 3718 327 3784 per
349 3701 483 3786 quinque
516 3721 623 3769 sensus
655 3703 720 3787 ejus
754 3703 921 3770 hauriendo
955 3703 1091 3783 deficias,
1125 3700 1298 3767 videbimus
1320 3697 1473 3765 intortio

274 3811 358 3876 ooolo
381 3812 502 3880 divinas
522 3814 758 3881 illuminationis
780 3815 948 3880 hauriendo
964 3815 1118 3898 potentias
1134 3814 1244 3899 prooul
1258 3811 1367 3896 pulsis,
1392 3827 1473 3894 quas

273 3942 355 3992 nuno
375 3947 430 4012 per
451 3931 614 4012 peceatum
636 3929 843 4009 sustinemus,
862 3927 1038 4012 ignorantia
1060 3926 1092 3992 et
1112 3923 1246 3991 miseria.

376 4397 395 4468 ¹)
414 4399 469 4451 oud.
489 4413 603 4465 oorpora.
632 4425 663 4436 -
691 4395 712 4468 ²)
729 4400 757 4450 in
776 4398 832 4451 ood.
851 4397 1003 4463 deest„in.“
1030 4425 1061 4434 -
1083 4395 1104 4460 ³)
1124 4393 1182 4449 eod.
1201 4407 1272 4447 oona.
1291 4405 1359 4443 non
1378 4394 1472 4447 ast.-

274 4494 572 4568 ⁴)ae0r.1a.4.-
596 4495 615 4568 ³)
633 4499 696 4552 Lne.
717 4495 761 4554 24.
781 4496 826 4552 39.
