3168 5190
270 369 334 448 286

260 548 334 630 rale,
356 546 515 616 mausus
536 553 568 618 et
589 551 712 622 murale
731 567 818 637 essm
851 550 934 620 lilio
964 551 1145 640 specificam
1167 555 1199 621 et
1220 553 1355 640 speciale
1377 571 1462 636 esse,

260 657 391 743 Spiritui
412 662 519 728 macto
543 681 648 728 rerum
669 662 873 744 individuale,
898 663 1035 732 ordinale
1057 665 1106 732 vel
1127 665 1168 732 ad
1189 664 1308 750 aliquid
1329 667 1362 732 et
1384 684 1463 750 qno·

259 770 351 840 modo
383 774 415 838 et
436 773 538 858 quale
560 791 638 840 esse.
681 774 784 860 Igitur
805 794 841 842 ex
863 774 957 843 Patre
989 775 1130 846 omnium
1151 793 1234 856 essee
1269 775 1463 860 partilium

259 881 333 966 quid
354 901 441 964 esse;
471 884 506 950 in
527 876 645 974 Spiritu
667 889 774 954 sancto
796 887 875 954 bene
897 906 965 954 esse
987 887 1126 955 omnium
1147 887 1325 970 &mimus
1348 890 1381 955 et
1402 888 1463 956 hoo

258 992 409 1064 derebus
442 986 653 1064 materialibus
674 998 707 1064 in
730 997 841 1083 quibus
874 999 959 1064 aliud
991 1018 1061 1066 esse
1082 998 1269 1084 intelligItur
1291 1018 1351 1084 quo
1375 1002 1461 1082 sunt,

257 1105 342 1174 aliud
362 1107 395 1175 id
416 1108 500 1192 quod
521 1111 603 1189 sunt,
637 1109 724 1176 verbi
744 1109 861 1195 gratia:
880 1110 978 1178 'aliud
999 1110 1177 1177 humanitas
1198 1114 1248 1176 est
1280 1130 1346 1195 qua
1366 1111 1462 1178 homo

258 1221 315 1299 est,
348 1219 434 1288 aliud
453 1219 546 1286 homo
569 1223 627 1286 est.
672 1221 789 1288 Verum
810 1222 843 1288 in
865 1222 958 1289 rebus
980 1220 1175 1308 simplicibus
1198 1221 1336 1303 nonita,
1371 1233 1470 1308 quaes

215 1377 218 1388 .
256 1332 292 1395 ut
312 1329 357 1397 ait
378 1331 517 1415 Boetius,
541 1350 609 1398 esse
631 1351 724 1398 suum
746 1350 807 1418 quo
829 1336 904 1400 sunt
925 1335 957 1400 et
977 1332 1010 1398 id
1031 1333 1116 1418 quod
1131 1334 1205 1400 sunt
1219 1351 1318 1400 unum
1331 1331 1459 1400 habent·

254 1439 358 1525 Igitur
388 1440 422 1508 in
454 1443 603 1510 creaturis
637 1447 671 1509 et
700 1441 884 1510 substantiis
920 1442 1177 1512 immaterialibus
1212 1447 1244 1512 et
1265 1443 1460 1529 simplicibus

254 1549 343 1621 Patri
363 1553 631 1641 assignaverimus
659 1555 693 1623 id
714 1557 798 1641 quod
820 1555 949 1640 spiritus
971 1559 1061 1636 contr
1089 1555 1170 1622 Filio
1193 1554 1276 1639 quod
1297 1553 1460 1622 rationali·

254 1663 320 1730 tate
340 1679 377 1732 ac
399 1665 601 1732 sensualitate
622 1666 764 1748 discreti,
788 1666 920 1753 Spiritui
941 1670 1049 1734 sancto
1071 1665 1104 1734 id
1126 1686 1250 1752 quoque
1272 1666 1354 1751 quod
1376 1666 1461 1734 acci·

254 1772 419 1842 dentaliter
439 1774 480 1842 ab
500 1776 633 1848 invicem
661 1781 755 1864 atque
776 1796 905 1844 numero
937 1778 1085 1844 diffemnt
1106 1778 1140 1844 in
1161 1795 1276 1863 magna
1296 1776 1460 1864 republica

253 1883 313 1950 Dei
334 1885 449 1972 quelque
470 1887 615 1973 congruis
636 1889 745 1956 usibus
767 1889 909 1976 deputati
930 1893 1013 1958 sunt.
1049 1891 1088 1958 In
1108 1889 1227 1977 angelis
1249 1907 1322 1958 vero
1344 1891 1378 1964 at
1397 1889 1460 1958 hu·

253 1994 355 2064 moab
376 1997 551 2083 animabus,
579 1999 612 2068 id
634 2002 718 2085 quod
738 2001 906 2070 rationales
927 2002 1057 2088 spiritus
1080 2002 1155 2068 sunt
1176 2001 1281 2082 Patri;
1303 2001 1389 2086 quod
1409 1999 1460 2066 in·

252 2107 373 2192 geoiosi
395 2112 427 2177 et
447 2110 581 2198 ingeniis
602 2113 788 2182 natmaliter
801 2113 933 2197 praediti
946 2112 1044 2195 ailoe
1070 2114 1154 2200 qnod
1167 2111 1246 2180 bene
1260 2129 1297 2180 ac
1312 2112 1459 2180 decentm

252 2221 377 2286 nantes
409 2221 533 2308 ingenio
560 2222 692 2310 Spiritui
724 2228 833 2292 sancto
866 2224 1062 2310 assignatum
1085 2224 1136 2292 sit.
1178 2221 1262 2292 Item
1281 2223 1315 2290 in
1336 2221 1458 2308 angelis

254 2331 337 2415 quod
358 2332 526 2402 rationales
549 2335 677 2420 spiritus
700 2340 774 2404 sunt
795 2334 900 2416 Patri;
935 2338 1018 2422 quod
1049 2335 1214 2404 intellectu
1235 2332 1311 2402 olari
1332 2336 1364 2400 et
1384 2334 1459 2403 illu·

253 2444 333 2512 stres
355 2443 455 2524 Filio;
478 2446 560 2531 quod
584 2448 699 2533 qmqne
721 2446 788 2515 suis
811 2445 970 2514 ordinibus
990 2446 1144 2532 dispositi,
1161 2443 1343 2514 ministeriis
1358 2444 1459 2532 depu-

252 2555 321 2636 tati,
351 2556 495 2642 quodque
516 2556 564 2624 his
585 2557 638 2646 pie
659 2558 772 2626 intenti
802 2561 878 2626 sunt
899 2557 1030 2643 Spiritui
1051 2561 1159 2626 sancto
1180 2555 1456 2642 assignaverimus.

252 2666 294 2735 at
314 2667 392 2736 haec
411 2667 526 2737 idcirco
548 2671 599 2742 vel
621 2671 768 2739 divinitus
798 2671 943 2738 ordinata
965 2671 1014 2738 vel
1035 2687 1054 2736 a
1073 2669 1164 2738 nobis
1186 2668 1403 2736 animadvmsa
1424 2669 1458 2734 et

252 2779 525 2850 animadvertenda
543 2784 631 2864 sunt,
654 2787 805 2868 qualemn
826 2781 995 2850 muisibilia
1015 2798 1157 2848 summae
1167 2779 1329 2848 sunaus
1350 2777 1385 2850 in
1405 2778 1456 2846 tis

252 2891 445 2960 trinitatibus
477 2894 563 2960 velut
583 2893 618 2960 in
638 2912 696 2962 sua
715 2895 852 2980 imagine
874 2897 907 2962 et
928 2893 1018 2978 quasi
1051 2891 1185 2977 quodam
1212 2890 1339 2977 speculo
1361 2889 1456 2958 intel·

251 3001 334 3070 lecta
365 3003 604 3089 conspiciantur.
648 3005 716 3072 Aut
736 3005 764 3073 ei
784 3005 844 3072 hoo
877 3005 1096 3090 scrupulosum
1117 3001 1199 3071 forte
1230 2999 1396 3082 videbitur,
1419 3003 1457 3068 ut

251 3112 325 3182 licet
346 3115 432 3183 salva
454 3115 670 3200 cooperatione
691 3115 886 3202 singularum
906 3131 1121 3202 personarum,
1144 3115 1177 3180 in
1189 3110 1321 3199 singulis
1336 3109 1456 3196 aliquid

252 3224 385 3309 speciale
404 3225 438 3292 in
459 3226 604 3312 operibus
636 3227 684 3296 illi
705 3228 755 3295 vel
775 3226 822 3296 illi
843 3243 992 3314 personae
1024 3225 1230 3312 assignemus,
1264 3239 1455 3307 quamquam
1567 3251 1568 3256 ¹

252 3339 325 3406 aute
354 3355 411 3404 nos
432 3355 452 3403 a
473 3338 616 3424 patribus
650 3339 828 3407 orthodoxis
859 3340 944 3406 idem
972 3338 1093 3404 factum
1114 3335 1166 3416 sit,
1199 3335 1250 3401 vel
1269 3335 1348 3402 illud
1370 3338 1455 3404 certe

252 3448 366 3518 rationi
387 3450 478 3517 valde
498 3449 703 3536 percussibile
725 3452 783 3532 est,
815 3452 852 3516 ut
874 3450 946 3535 quia
967 3453 1015 3517 ter
1037 3446 1118 3514 terni
1139 3444 1306 3531 spirituum
1328 3445 1454 3514 ordines
1565 3461 1566 3479 ¹

253 3563 328 3628 sunt
347 3560 449 3646 ipsam
470 3562 519 3626 tor
540 3559 729 3644 tripartitam
759 3557 793 3624 in
825 3559 869 3624 eis
901 3558 1073 3644 medanum
1095 3560 1128 3624 et
1148 3555 1454 3624 administrationum
1564 3565 1565 3591 ¹

253 3673 505 3742 distributionem
525 3689 545 3737 u
566 3689 707 3737 summae
731 3670 893 3737 Trinitatis
920 3669 1040 3736 trifaria
1068 3668 1247 3754 operatione
1266 3667 1454 3734 descendere

253 3785 409 3854 dividente
430 3803 466 3853 ao
488 3782 693 3852 distribuente
714 3781 845 3868 singulis
866 3785 963 3867 prout
982 3783 1060 3848 vult.
1104 3779 1207 3848 simut
1234 3777 1350 3866 stipsi
1373 3795 1453 3862 qno·

252 3897 338 3964 niam
357 3896 448 3965 liberi
468 3895 591 3963 arbitrii
612 3914 630 3962 a
650 3896 718 3962 Deo
740 3893 858 3961 conditi
885 3896 959 3959 sunt
981 3892 1094 3979 quique
1116 3890 1199 3976 quod
1221 3908 1278 3957 suo
1301 3890 1454 3978 competit

250 4009 351 4077 ordini
383 4011 415 4074 et
446 4008 619 4074 ministerio
651 4005 692 4073 ab
713 4023 775 4072 uno
796 4006 850 4072 illo
881 4006 963 4071 trino
996 4003 1169 4090 gratiarum
1201 4001 1289 4068 fonte
1321 4000 1453 4068 divisim

246 4120 373 4214 quidem
395 4120 450 4187 sed
470 4120 604 4188 libenter
625 4121 657 4186 et
676 4116 888 4184 indeficienter
918 4115 1076 4182 hauriunt.
1121 4113 1165 4180 at
1179 4113 1260 4199 ,quia
1283 4113 1322 4178 de
1343 4111 1454 4198 singu·

244 4235 347 4300 lorum
369 4232 512 4298 ordinum
533 4229 711 4298 nominibus
733 4245 771 4295 ao
793 4228 935 4295 divisivis
958 4227 1069 4315 gratiis
1092 4230 1124 4294 et
1146 4227 1259 4295 officiis
1274 4244 1293 4292 a
1309 4223 1452 4312 patribus

249 4342 446 4433 opinabiliter
479 4343 556 4410 satis
578 4342 772 4428 disputatum
806 4344 854 4407 est
875 4341 925 4406 vel
945 4340 1023 4406 illud
1045 4337 1135 4406 nobis
1167 4338 1338 4406 advertisse
1357 4337 1452 4404 tuest

253 4459 336 4544 quod
357 4455 389 4523 in
411 4458 460 4521 ter
491 4453 650 4540 tripartita
684 4450 738 4520 illa
760 4452 903 4520 ordinum
925 4450 1123 4518 distinctione
1144 4467 1163 4516 a
1184 4467 1298 4536 magno
1321 4451 1353 4516 et
1371 4466 1451 4534 apo·
