3168 5190
232 406 295 472 216

229 579 481 663 populorum·
502 578 631 644 lumen
652 577 698 640 ad
720 577 1006 643 revelationem
1023 578 1201 663 gentium
1217 583 1251 646 et
1266 581 1440 664 gloriam

229 687 357 772 plebis
388 692 481 755 tuae
502 686 681 774 lsrael,¹)
704 707 766 754 non
789 689 871 754 siout
893 689 939 754 illi
962 688 1121 756 dicebant:
1145 691 1264 757 durus
1288 695 1352 757 est
1373 692 1440 758 hic

230 820 360 868 sermo
394 801 482 884 quis
502 803 639 885 potest
672 820 754 867 eum
787 799 928 866 audire
951 800 1007 866 sed
1029 801 1111 867 sicut
1132 803 1255 880 Petrus,
1291 803 1345 886 qui
1368 801 1437 868 ait:

228 910 354 976 verba
386 911 490 977 vitae
513 915 699 977 aeternae
721 906 843 976 habes
866 914 903 976 et
923 928 990 977 nos
1024 913 1070 977 ad
1093 931 1199 995 quem
1221 912 1439 1000 ibimueil)

231 1022 256 1089 0
278 1022 460 1089 admirabile
492 1024 629 1110 pretium
657 1022 895 1089 inaestimabilis
919 1023 1078 1090 charitatis
1101 1023 1281 1107 repensione
1300 1025 1434 1109 dignum

230 1133 317 1218 cujus
350 1134 487 1219 pondere
510 1135 676 1220 captivitas
710 1136 817 1201 mundi
838 1135 997 1219 redempta
1019 1137 1076 1216 est,
1114 1138 1250 1201 tartarea
1272 1137 1435 1204 confracta

230 1247 303 1310 eunt
324 1245 460 1310 claustra
482 1245 605 1324 interni,
628 1249 735 1331 aperta
758 1248 807 1312 est
828 1245 918 1311 nobis
932 1245 1028 1330 janua
1050 1247 1148 1332 regni.
1180 1247 1269 1316 Unde
1290 1267 1352 1314 non
1374 1249 1433 1314 ha·

230 1354 306 1420 bens
330 1356 413 1437 quod
436 1357 528 1440 digne
550 1359 717 1440 rependam
738 1377 836 1424 unum
857 1358 916 1424 hoo
939 1357 1021 1443 quod
1043 1361 1075 1423 te
1097 1359 1182 1426 Deus
1204 1360 1338 1425 donante
1359 1379 1432 1446 pos-

230 1487 301 1535 sum
323 1468 382 1534 hoc
404 1468 530 1548 taciem,
551 1469 714 1534 calicem
737 1467 935 1534 salutaris
958 1469 1168 1555 accipiam.
1192 1469 1333 1536 Gratiam
1353 1471 1432 1536 mihi

229 1583 403 1666 impensam
425 1601 487 1666 qua
501 1587 610 1668 potero
626 1583 788 1648 devotione
804 1581 970 1666 acceptabo
993 1580 1025 1647 in
1047 1601 1127 1662 eum,
1152 1582 1205 1665 qui
1226 1583 1433 1668 semetipsum

231 1695 315 1760 dedit
336 1714 390 1778 pro
414 1713 464 1760 me
486 1695 578 1760 corde
602 1694 728 1760 credens
751 1697 791 1760 ad
809 1694 967 1778 J'ustitiam
990 1697 1021 1759 et
1044 1712 1096 1759 ore
1120 1693 1272 1760 confitens
1296 1713 1368 1760 eum
1391 1696 1433 1760 ad

230 1806 363 1871 salutem
384 1806 550 1891 ipsumque
572 1823 627 1888 pro
651 1825 700 1871 me
722 1804 827 1871 fusum
850 1805 978 1870 calicem
1000 1823 1036 1871 ao
1054 1804 1130 1870 milri
1144 1805 1177 1870 in
1191 1808 1300 1889 potam
1322 1806 1433 1872 datum

230 1915 270 1979 ad
293 1916 425 1980 salutem
450 1919 611 1999 tamquam
632 1934 704 1983 uere
727 1919 862 1982 salutare
885 1917 1061 1984 antidotum
1084 1937 1136 1983 ore
1155 1937 1218 1983 non
1240 1917 1341 1984 solum
1364 1934 1434 1984 car-

230 2028 278 2092 nis
301 2027 355 2093 sed
377 2032 408 2092 et
430 2028 531 2092 cordis
552 2027 666 2095 affectu
688 2028 794 2094 bibam
816 2032 918 2114 atque,
942 2033 977 2095 ut
999 2030 1107 2096 eodem
1130 2029 1258 2094 cottidie
1280 2030 1431 2095 sumendo

232 2138 344 2223 dignus
356 2139 504 2221 inveniar,
527 2143 677 2224 quantam
698 2139 768 2224 ipso
791 2142 924 2208 donante
945 2146 1053 2227 potero
1076 2159 1183 2207 curam
1204 2139 1367 2208 adhibebo.
1390 2140 1433 2206 Dt

230 2246 306 2312 haec
327 2247 467 2314 faciendo
489 2267 602 2314 nomen
624 2250 751 2315 Domini
771 2252 931 2334 invocabo,
954 2272 1068 2320 nomen
1090 2253 1217 2318 Domini
1240 2254 1322 2338 quod
1343 2253 1434 2320 inuo-

232 2361 336 2424 catum
370 2363 418 2426 est
452 2379 547 2445 super
580 2381 643 2442 me,
677 2381 792 2430 nomen
825 2365 928 2430 Patris
953 2369 984 2431 et
1007 2367 1078 2435 Filii
1100 2373 1132 2434 et
1154 2368 1287 2452 Spiritus
1320 2366 1431 2447 sancti,

230 2487 342 2535 nornen
375 2471 470 2536 etiam
491 2472 617 2537 Domini
650 2475 711 2541 mei
733 2474 812 2541 Jesu
835 2475 952 2542 Christi
984 2479 1017 2543 in
1049 2499 1108 2563 quo
1132 2481 1273 2564 signatus
1308 2483 1433 2544 sumet

231 2599 292 2663 quo
316 2579 501 2649 christianus
523 2603 659 2664 censeor,
682 2589 717 2651 ut
739 2587 914 2654 inueniatur
935 2591 967 2654 in
989 2610 1039 2656 me
1060 2591 1238 2656 inveritate
1253 2589 1431 2657 cottidianis

231 2692 373 2777 precibus
405 2695 549 2779 votisque
583 2696 684 2761 cordis
713 2697 843 2782 Jugibus
878 2699 1018 2767 exorabo.
1062 2703 1148 2768 Bene
1169 2703 1275 2786 itaque
1297 2704 1328 2766 et
1350 2701 1433 2766 siout

232 2803 335 2871 decuit
356 2809 397 2886 te,
421 2825 438 2872 o
461 2808 611 2891 apostole,
647 2825 701 2873 vas
724 2811 893 2892 electionis,
925 2812 1039 2892 dixisti,
1063 2814 1247 2897 quoniam
1268 2810 1433 2880 decebat

234 2935 315 2983 eum
337 2921 501 3000 propter
516 2938 625 3002 quem
641 2922 771 2986 omnia
787 2926 822 2988 et
836 2943 902 3007 per
920 2943 1032 3007 quern
1047 2925 1184 3007 omnia,
1201 2924 1268 3008 qui
1285 2925 1431 2992 multoe

232 3027 344 3093 lilios
367 3029 597 3112 ingloriam
630 3035 847 3102 adduxerat
880 3041 1084 3104 auctorem
1118 3039 1272 3107 salutis
1295 3059 1432 3108 eorum

231 3141 539 3229 perpessionem
562 3149 837 3214 consummari.
882 3149 965 3216 Nam
986 3151 1045 3217 hoc
1064 3150 1192 3217 verbum
1214 3151 1301 3216 omni
1322 3169 1432 3235 accep-

230 3249 315 3316 tione
348 3251 477 3337 dignum
511 3253 605 3320 etiam
627 3256 665 3320 de
686 3257 785 3342 ipsius
824 3259 949 3325 Domini
971 3260 1050 3327 Jeeu
1088 3280 1141 3328 ore
1171 3262 1308 3347 gratioso
1341 3262 1431 3348 prius

232 3365 386 3429 sonuerat.
432 3365 493 3447 Qui
515 3365 589 3432 dum
609 3368 649 3432 ad
670 3367 861 3453 baptismum
882 3371 1035 3439 Johannis
1069 3371 1272 3459 baptizandus
1295 3374 1433 3444 venisset

232 3473 263 3536 et
283 3473 463 3555 prohiberet
484 3496 554 3542 eum
570 3477 729 3546 Johannes
752 3481 872 3548 dicens:
896 3501 963 3567 ego
986 3502 1005 3548 a
1026 3488 1065 3551 te
1086 3484 1203 3550 debeo
1227 3483 1432 3570 baptizari

232 3587 268 3650 et
301 3589 344 3652 tu
376 3587 488 3654 renis
522 3590 566 3656 ad
596 3610 652 3656 me
674 3592 740 3675 ipse
763 3593 936 3659 humillima
958 3599 989 3660 et
1011 3597 1264 3662 constantissima
1286 3615 1359 3661 uoce
1381 3615 1433 3662 re·

232 3697 358 3781 spondit
385 3697 505 3764 dicens:
540 3697 633 3767 Sine
666 3705 778 3768 modo
813 3705 870 3770 sic
903 3707 1004 3771 enim
1027 3708 1138 3772 decet
1170 3726 1239 3773 nos
1266 3708 1430 3792 implere

234 3823 378 3872 omnem
400 3807 643 3898 justitiam.³)

331 3919 420 4000 Quod
443 3923 509 3986 erat
531 3922 648 3990 dicere:
683 3924 756 3991 Sine
778 3947 827 3992 me
850 3929 942 3994 modo
977 3928 1126 4014 baptizari
1159 3948 1178 3995 a
1199 3936 1231 3998 te
1253 3935 1284 3998 et
1306 3931 1430 3998 futurae

232 4027 340 4093 mortis
375 4049 461 4098 meae
494 4033 575 4100 viam
607 4035 663 4100 tali
693 4038 801 4102 modo‘
820 4040 956 4105 sternere
988 4044 1084 4125 atque
1116 4042 1242 4116 umbras
1277 4043 1431 4126 quasdam

232 4141 337 4224 magni
357 4141 440 4208 illius
463 4143 608 4227 baptismi
630 4147 663 4212 in
677 4147 738 4212 isto
754 4148 937 4233 praejacere.
960 4151 1012 4218 Sic
1034 4154 1117 4218 enirn
1138 4155 1257 4222 sivein
1279 4157 1339 4222 isto
1362 4157 1429 4224 sive

231 4249 331 4332 magis
363 4253 395 4316 in
428 4253 480 4319 illo
503 4257 612 4322 mortis
634 4276 720 4324 meae
742 4259 898 4344 baptismo
933 4263 1020 4330 decet
1051 4283 1109 4332 nos
1141 4265 1271 4353 implere
1305 4286 1429 4334 omnem

233 4416 273 4423 ..ψ-,-
277 4416 480 4426 -..,.-.----.

334 4482 352 4555 ¹)
371 4486 432 4542 Luc.
452 4488 478 4541 2.
498 4487 613 4542 arr-32.
635 4518 667 4526 -·
690 4488 710 4558 ²)
728 4490 798 4542 duan.
819 4491 843 4545 6.
865 4490 908 4547 61.
931 4522 962 4534 -
983 4491 1004 4562 ³)
1024 4495 1096 4550 Joau.
1117 4496 1142 4550 3.
1165 4497 1208 4552 14.
1229 4497 1271 4556 15.
