<?xml version="1.0" encoding="UTF-8"?>
<!DOCTYPE html PUBLIC "-//W3C//DTD XHTML 1.0 Transitional//EN"
    "http://www.w3.org/TR/xhtml1/DTD/xhtml1-transitional.dtd">
<html xmlns="http://www.w3.org/1999/xhtml" xml:lang="en" lang="en">
 <head>
  <title>
</title>
<meta http-equiv="Content-Type" content="text/html;charset=utf-8" />
  <meta name='ocr-system' content='tesseract 3.04.00' />
  <meta name='ocr-capabilities' content='ocr_page ocr_carea ocr_par ocr_line ocrx_word'/>
</head>
<body>
  <div class='ocr_page' id='page_1' title='image "./operahactenusin00schegoog_0117.png"; bbox 0 0 3172 5202; ppageno 0'>
   <div class='ocr_carea' id='block_1_1' title="bbox 243 377 304 444">
    <p class='ocr_par' dir='ltr' id='par_1_1' title="bbox 243 377 304 444">
     <span class='ocr_line' id='line_1_1' title="bbox 243 377 304 444; baseline 0.033 -2"><span class='ocrx_word' id='word_1_1' title='bbox 243 377 304 444; x_wconf 79' lang='lat'>102</span> 
     </span>
    </p>
   </div>
   <div class='ocr_carea' id='block_1_2' title="bbox 237 541 1448 2865">
    <p class='ocr_par' dir='ltr' id='par_1_2' title="bbox 237 541 1448 2865">
     <span class='ocr_line' id='line_1_2' title="bbox 239 541 1446 632; baseline -0.003 -16"><span class='ocrx_word' id='word_1_2' title='bbox 239 545 887 632; x_wconf 85' lang='lat' dir='ltr'>euosetcelligentderegno</span> <span class='ocrx_word' id='word_1_3' title='bbox 911 544 1009 628; x_wconf 88' lang='lat' dir='ltr'>ejus</span> <span class='ocrx_word' id='word_1_4' title='bbox 1033 541 1446 628; x_wconf 83' lang='lat' dir='ltr'>omniascandala1)</span> 
     </span>
     <span class='ocr_line' id='line_1_3' title="bbox 239 655 1444 743; baseline -0.003 -15"><span class='ocrx_word' id='word_1_5' title='bbox 239 681 311 728; x_wconf 91' lang='lat' dir='ltr'>cum</span> <span class='ocrx_word' id='word_1_6' title='bbox 344 664 376 727; x_wconf 93' lang='grc'>11</span> <span class='ocrx_word' id='word_1_7' title='bbox 398 661 510 726; x_wconf 90' lang='lat' dir='ltr'>domus</span> <span class='ocrx_word' id='word_1_8' title='bbox 532 659 601 740; x_wconf 91' lang='lat' dir='ltr'>Dei,</span> <span class='ocrx_word' id='word_1_9' title='bbox 640 676 717 743; x_wconf 89' lang='lat' dir='ltr'>quae</span> <span class='ocrx_word' id='word_1_10' title='bbox 750 660 799 724; x_wconf 91' lang='lat' dir='ltr'>est</span> <span class='ocrx_word' id='word_1_11' title='bbox 831 656 970 737; x_wconf 86' lang='lat' dir='ltr'>ecclesia,</span> <span class='ocrx_word' id='word_1_12' title='bbox 1005 655 1037 721; x_wconf 94' lang='lat' dir='ltr'>in</span> <span class='ocrx_word' id='word_1_13' title='bbox 1070 659 1217 742; x_wconf 79' lang='lat' dir='ltr'>antiquae</span> <span class='ocrx_word' id='word_1_14' title='bbox 1249 656 1444 724; x_wconf 69' lang='lat' dir='ltr'>celsitudinis</span> 
     </span>
     <span class='ocr_line' id='line_1_4' title="bbox 237 766 1445 856; baseline -0.003 -17"><span class='ocrx_word' id='word_1_15' title='bbox 237 775 357 840; x_wconf 86' lang='lat' dir='ltr'>statum</span> <span class='ocrx_word' id='word_1_16' title='bbox 378 769 582 856; x_wconf 79' lang='lat' dir='ltr'>reparabitur.</span> <span class='ocrx_word' id='word_1_17' title='bbox 612 769 744 836; x_wconf 89' lang='lat' dir='ltr'>Interim</span> <span class='ocrx_word' id='word_1_18' title='bbox 765 786 839 836; x_wconf 84' lang='lat' dir='ltr'>vero</span> <span class='ocrx_word' id='word_1_19' title='bbox 862 767 997 835; x_wconf 94' lang='lat' dir='ltr'>Domino</span> <span class='ocrx_word' id='word_1_20' title='bbox 1019 766 1223 853; x_wconf 83' lang='lat' dir='ltr'>permittente</span> <span class='ocrx_word' id='word_1_21' title='bbox 1245 771 1329 834; x_wconf 89' lang='lat' dir='ltr'>stare</span> <span class='ocrx_word' id='word_1_22' title='bbox 1350 767 1445 835; x_wconf 90' lang='lat' dir='ltr'>habet</span> 
     </span>
     <span class='ocr_line' id='line_1_5' title="bbox 237 879 1443 964; baseline -0.002 -15"><span class='ocrx_word' id='word_1_23' title='bbox 237 881 428 949; x_wconf 91' lang='lat' dir='ltr'>abominatio</span> <span class='ocrx_word' id='word_1_24' title='bbox 461 881 661 950; x_wconf 78' lang='lat' dir='ltr'>desolationis</span> <span class='ocrx_word' id='word_1_25' title='bbox 684 881 717 947; x_wconf 93' lang='lat' dir='ltr'>in</span> <span class='ocrx_word' id='word_1_26' title='bbox 740 880 809 947; x_wconf 87' lang='lat' dir='ltr'>loco</span> <span class='ocrx_word' id='word_1_27' title='bbox 832 883 949 961; x_wconf 82' lang='lat' dir='ltr'>sancto,</span> <span class='ocrx_word' id='word_1_28' title='bbox 987 879 1121 945; x_wconf 83' lang='lat' dir='ltr'>maxime</span> <span class='ocrx_word' id='word_1_29' title='bbox 1143 881 1249 946; x_wconf 84' lang='grc'>11111111</span> <span class='ocrx_word' id='word_1_30' title='bbox 1270 879 1303 944; x_wconf 93' lang='lat' dir='ltr'>in</span> <span class='ocrx_word' id='word_1_31' title='bbox 1326 880 1443 964; x_wconf 84' lang='lat' dir='ltr'>templo</span> 
     </span>
     <span class='ocr_line' id='line_1_6' title="bbox 238 989 1445 1080; baseline -0.002 -22"><span class='ocrx_word' id='word_1_32' title='bbox 238 991 379 1060; x_wconf 82' lang='lat' dir='ltr'>breviore</span> <span class='ocrx_word' id='word_1_33' title='bbox 401 994 560 1080; x_wconf 76' lang='lat' dir='ltr'>sexaginta</span> <span class='ocrx_word' id='word_1_34' title='bbox 582 991 759 1076; x_wconf 86' lang='lat' dir='ltr'>cubitorum</span> <span class='ocrx_word' id='word_1_35' title='bbox 780 990 955 1058; x_wconf 87' lang='lat' dir='ltr'>altitudinis</span> <span class='ocrx_word' id='word_1_36' title='bbox 970 990 991 1058; x_wconf 91' lang='lat' dir='ltr'>i.</span> <span class='ocrx_word' id='word_1_37' title='bbox 1008 1010 1034 1058; x_wconf 90' lang='lat' dir='ltr'>a.</span> <span class='ocrx_word' id='word_1_38' title='bbox 1050 991 1083 1056; x_wconf 93' lang='lat' dir='ltr'>in</span> <span class='ocrx_word' id='word_1_39' title='bbox 1097 991 1157 1073; x_wconf 86' lang='lat' dir='ltr'>his,</span> <span class='ocrx_word' id='word_1_40' title='bbox 1180 992 1233 1076; x_wconf 91' lang='lat' dir='ltr'>qui</span> <span class='ocrx_word' id='word_1_41' title='bbox 1247 989 1272 1077; x_wconf 74' lang='lat'>²)</span> <span class='ocrx_word' id='word_1_42' title='bbox 1294 991 1445 1057; x_wconf 90' lang='lat' dir='ltr'>animales</span> 
     </span>
     <span class='ocr_line' id='line_1_7' title="bbox 240 1091 1446 1188; baseline -0.002 -17"><span class='ocrx_word' id='word_1_43' title='bbox 240 1108 314 1171; x_wconf 89' lang='lat' dir='ltr'>sunt</span> <span class='ocrx_word' id='word_1_44' title='bbox 333 1105 370 1171; x_wconf 94' lang='lat' dir='ltr'>de</span> <span class='ocrx_word' id='word_1_45' title='bbox 393 1091 524 1171; x_wconf 88' lang='lat' dir='ltr'>eeclesia</span> <span class='ocrx_word' id='word_1_46' title='bbox 546 1105 596 1170; x_wconf 87' lang='lat' dir='ltr'>vel</span> <span class='ocrx_word' id='word_1_47' title='bbox 615 1105 649 1170; x_wconf 91' lang='lat' dir='ltr'>in</span> <span class='ocrx_word' id='word_1_48' title='bbox 671 1103 800 1170; x_wconf 89' lang='lat' dir='ltr'>ecclesia</span> <span class='ocrx_word' id='word_1_49' title='bbox 823 1106 855 1170; x_wconf 90' lang='lat' dir='ltr'>et</span> <span class='ocrx_word' id='word_1_50' title='bbox 875 1121 939 1169; x_wconf 92' lang='lat' dir='ltr'>non</span> <span class='ocrx_word' id='word_1_51' title='bbox 961 1103 1132 1169; x_wconf 88' lang='lat' dir='ltr'>secundum</span> <span class='ocrx_word' id='word_1_52' title='bbox 1149 1103 1360 1188; x_wconf 84' lang='lat' dir='ltr'>evangelicam</span> <span class='ocrx_word' id='word_1_53' title='bbox 1374 1122 1446 1187; x_wconf 85' lang='lat' dir='ltr'>per·</span> 
     </span>
     <span class='ocr_line' id='line_1_8' title="bbox 237 1213 1447 1298; baseline -0.002 -17"><span class='ocrx_word' id='word_1_54' title='bbox 237 1215 405 1282; x_wconf 82' lang='lat' dir='ltr'>sectionem</span> <span class='ocrx_word' id='word_1_55' title='bbox 427 1213 571 1296; x_wconf 87' lang='lat' dir='ltr'>ordinati,</span> <span class='ocrx_word' id='word_1_56' title='bbox 605 1234 641 1281; x_wconf 86' lang='lat' dir='ltr'>er</span> <span class='ocrx_word' id='word_1_57' title='bbox 664 1232 796 1298; x_wconf 86' lang='lat' dir='ltr'>quorum</span> <span class='ocrx_word' id='word_1_58' title='bbox 830 1231 997 1280; x_wconf 88' lang='lat' dir='ltr'>numerosa</span> <span class='ocrx_word' id='word_1_59' title='bbox 1029 1214 1239 1294; x_wconf 75' lang='lat' dir='ltr'>multitudine,</span> <span class='ocrx_word' id='word_1_60' title='bbox 1277 1233 1349 1281; x_wconf 90' lang='lat' dir='ltr'>cum</span> <span class='ocrx_word' id='word_1_61' title='bbox 1382 1214 1447 1280; x_wconf 91' lang='lat' dir='ltr'>sint</span> 
     </span>
     <span class='ocr_line' id='line_1_9' title="bbox 239 1324 1446 1411; baseline 0.002 -21"><span class='ocrx_word' id='word_1_62' title='bbox 239 1326 366 1410; x_wconf 90' lang='lat' dir='ltr'>quidam</span> <span class='ocrx_word' id='word_1_63' title='bbox 398 1326 432 1391; x_wconf 91' lang='lat' dir='ltr'>in</span> <span class='ocrx_word' id='word_1_64' title='bbox 465 1326 596 1393; x_wconf 85' lang='lat' dir='ltr'>veritate</span> <span class='ocrx_word' id='word_1_65' title='bbox 618 1325 785 1411; x_wconf 80' lang='lat' dir='ltr'>Synagoga</span> <span class='ocrx_word' id='word_1_66' title='bbox 819 1327 953 1408; x_wconf 89' lang='lat' dir='ltr'>satanas,</span> <span class='ocrx_word' id='word_1_67' title='bbox 990 1324 1222 1410; x_wconf 76' lang='lat' dir='ltr'>perferentem</span> <span class='ocrx_word' id='word_1_68' title='bbox 1245 1328 1351 1392; x_wconf 87' lang='grc'>11111111</span> <span class='ocrx_word' id='word_1_69' title='bbox 1374 1326 1446 1393; x_wconf 90' lang='lat' dir='ltr'>fidei</span> 
     </span>
     <span class='ocr_line' id='line_1_10' title="bbox 238 1436 1445 1523; baseline 0.003 -21"><span class='ocrx_word' id='word_1_70' title='bbox 238 1436 466 1523; x_wconf 86' lang='lat' dir='ltr'>professionem</span> <span class='ocrx_word' id='word_1_71' title='bbox 501 1440 533 1503; x_wconf 88' lang='lat' dir='ltr'>ot</span> <span class='ocrx_word' id='word_1_72' title='bbox 565 1437 721 1522; x_wconf 89' lang='lat' dir='ltr'>quendam</span> <span class='ocrx_word' id='word_1_73' title='bbox 748 1436 892 1521; x_wconf 90' lang='lat' dir='ltr'>justitiae</span> <span class='ocrx_word' id='word_1_74' title='bbox 927 1439 1056 1519; x_wconf 83' lang='lat' dir='ltr'>cultum,</span> <span class='ocrx_word' id='word_1_75' title='bbox 1089 1437 1156 1504; x_wconf 87' lang='lat' dir='ltr'>sine</span> <span class='ocrx_word' id='word_1_76' title='bbox 1178 1456 1238 1523; x_wconf 89' lang='lat' dir='ltr'>quo</span> <span class='ocrx_word' id='word_1_77' title='bbox 1261 1438 1295 1503; x_wconf 91' lang='lat' dir='ltr'>in</span> <span class='ocrx_word' id='word_1_78' title='bbox 1316 1439 1445 1506; x_wconf 89' lang='lat' dir='ltr'>ecclesia</span> 
     </span>
     <span class='ocr_line' id='line_1_11' title="bbox 239 1549 1444 1636; baseline 0 -22"><span class='ocrx_word' id='word_1_79' title='bbox 239 1549 358 1633; x_wconf 84' lang='lat' dir='ltr'>portari</span> <span class='ocrx_word' id='word_1_80' title='bbox 394 1569 456 1615; x_wconf 92' lang='lat' dir='ltr'>non</span> <span class='ocrx_word' id='word_1_81' title='bbox 492 1552 644 1636; x_wconf 87' lang='lat' dir='ltr'>possent,</span> <span class='ocrx_word' id='word_1_82' title='bbox 685 1549 972 1615; x_wconf 78' lang='lat' dir='ltr'>circumornati</span> <span class='ocrx_word' id='word_1_83' title='bbox 1014 1553 1087 1616; x_wconf 90' lang='lat' dir='ltr'>sunt</span> <span class='ocrx_word' id='word_1_84' title='bbox 1123 1553 1167 1616; x_wconf 92' lang='lat' dir='ltr'>ut</span> <span class='ocrx_word' id='word_1_85' title='bbox 1204 1549 1444 1616; x_wconf 83' lang='lat' dir='ltr'>similitudo</span> 
     </span>
     <span class='ocr_line' id='line_1_12' title="bbox 240 1659 1445 1747; baseline 0 -22"><span class='ocrx_word' id='word_1_86' title='bbox 240 1663 418 1746; x_wconf 82' lang='lat' dir='ltr'>templi.⁸)</span> <span class='ocrx_word' id='word_1_87' title='bbox 442 1662 503 1730; x_wconf 83' lang='lat' dir='ltr'>Sed</span> <span class='ocrx_word' id='word_1_88' title='bbox 517 1660 631 1741; x_wconf 85' lang='lat' dir='ltr'>rachi,</span> <span class='ocrx_word' id='word_1_89' title='bbox 656 1660 708 1747; x_wconf 86' lang='lat' dir='ltr'>qui</span> <span class='ocrx_word' id='word_1_90' title='bbox 730 1659 937 1745; x_wconf 89' lang='lat' dir='ltr'>apostolicam</span> <span class='ocrx_word' id='word_1_91' title='bbox 951 1661 1049 1727; x_wconf 79' lang='grc'>1111111</span> <span class='ocrx_word' id='word_1_92' title='bbox 1064 1661 1249 1745; x_wconf 87' lang='lat' dir='ltr'>profitentur</span> <span class='ocrx_word' id='word_1_93' title='bbox 1263 1661 1297 1727; x_wconf 93' lang='lat' dir='ltr'>in</span> <span class='ocrx_word' id='word_1_94' title='bbox 1312 1660 1445 1728; x_wconf 86' lang='lat' dir='ltr'>ecclesia</span> 
     </span>
     <span class='ocr_line' id='line_1_13' title="bbox 239 1771 1446 1859; baseline 0 -22"><span class='ocrx_word' id='word_1_95' title='bbox 239 1772 278 1838; x_wconf 91' lang='lat' dir='ltr'>ab</span> <span class='ocrx_word' id='word_1_96' title='bbox 300 1774 368 1858; x_wconf 88' lang='lat' dir='ltr'>hac,</span> <span class='ocrx_word' id='word_1_97' title='bbox 391 1775 429 1841; x_wconf 95' lang='lat' dir='ltr'>de</span> <span class='ocrx_word' id='word_1_98' title='bbox 452 1791 514 1859; x_wconf 89' lang='lat' dir='ltr'>qna</span> <span class='ocrx_word' id='word_1_99' title='bbox 534 1773 701 1857; x_wconf 82' lang='lat' dir='ltr'>loquimur,</span> <span class='ocrx_word' id='word_1_100' title='bbox 736 1771 968 1838; x_wconf 81' lang='lat' dir='ltr'>abominatione</span> <span class='ocrx_word' id='word_1_101' title='bbox 1001 1772 1203 1839; x_wconf 89' lang='lat' dir='ltr'>desolationis</span> <span class='ocrx_word' id='word_1_102' title='bbox 1225 1771 1362 1859; x_wconf 82' lang='lat' dir='ltr'>perfecte</span> <span class='ocrx_word' id='word_1_103' title='bbox 1384 1772 1446 1837; x_wconf 93' lang='lat' dir='ltr'>im-</span> 
     </span>
     <span class='ocr_line' id='line_1_14' title="bbox 239 1882 1446 1969; baseline 0.002 -22"><span class='ocrx_word' id='word_1_104' title='bbox 239 1902 348 1950; x_wconf 90' lang='lat' dir='ltr'>munes</span> <span class='ocrx_word' id='word_1_105' title='bbox 371 1886 519 1966; x_wconf 82' lang='lat' dir='ltr'>existunt,</span> <span class='ocrx_word' id='word_1_106' title='bbox 545 1903 617 1952; x_wconf 89' lang='lat' dir='ltr'>oum</span> <span class='ocrx_word' id='word_1_107' title='bbox 640 1885 704 1951; x_wconf 85' lang='lat' dir='ltr'>sint</span> <span class='ocrx_word' id='word_1_108' title='bbox 726 1888 757 1951; x_wconf 90' lang='grc'>11</span> <span class='ocrx_word' id='word_1_109' title='bbox 779 1885 861 1950; x_wconf 88' lang='lat' dir='ltr'>inter</span> <span class='ocrx_word' id='word_1_110' title='bbox 881 1884 960 1950; x_wconf 88' lang='lat' dir='ltr'>tales</span> <span class='ocrx_word' id='word_1_111' title='bbox 983 1885 1031 1950; x_wconf 84' lang='lat' dir='ltr'>vel</span> <span class='ocrx_word' id='word_1_112' title='bbox 1054 1902 1089 1949; x_wconf 86' lang='lat' dir='ltr'>er</span> <span class='ocrx_word' id='word_1_113' title='bbox 1111 1882 1226 1950; x_wconf 87' lang='lat' dir='ltr'>talibus</span> <span class='ocrx_word' id='word_1_114' title='bbox 1248 1883 1350 1952; x_wconf 86' lang='lat' dir='ltr'>Judae</span> <span class='ocrx_word' id='word_1_115' title='bbox 1371 1903 1446 1969; x_wconf 87' lang='lat' dir='ltr'>pro-</span> 
     </span>
     <span class='ocr_line' id='line_1_15' title="bbox 239 1994 1445 2081; baseline 0.003 -22"><span class='ocrx_word' id='word_1_116' title='bbox 239 1995 342 2076; x_wconf 89' lang='lat' dir='ltr'>ditori,</span> <span class='ocrx_word' id='word_1_117' title='bbox 377 1995 507 2062; x_wconf 89' lang='lat' dir='ltr'>Nicolao</span> <span class='ocrx_word' id='word_1_118' title='bbox 529 1994 719 2075; x_wconf 78' lang='lat' dir='ltr'>fornicatori,</span> <span class='ocrx_word' id='word_1_119' title='bbox 758 1994 899 2061; x_wconf 80' lang='lat' dir='ltr'>Ananiae</span> <span class='ocrx_word' id='word_1_120' title='bbox 932 2013 1054 2081; x_wconf 88' lang='lat' dir='ltr'>quoque</span> <span class='ocrx_word' id='word_1_121' title='bbox 1075 2012 1113 2060; x_wconf 90' lang='lat' dir='ltr'>ac</span> <span class='ocrx_word' id='word_1_122' title='bbox 1136 1995 1283 2080; x_wconf 82' lang='lat' dir='ltr'>Saphirae</span> <span class='ocrx_word' id='word_1_123' title='bbox 1316 1996 1445 2078; x_wconf 89' lang='lat' dir='ltr'>similes,</span> 
     </span>
     <span class='ocr_line' id='line_1_16' title="bbox 241 2105 1444 2192; baseline 0.002 -23"><span class='ocrx_word' id='word_1_124' title='bbox 241 2105 295 2189; x_wconf 93' lang='lat' dir='ltr'>qui</span> <span class='ocrx_word' id='word_1_125' title='bbox 318 2126 390 2171; x_wconf 91' lang='lat' dir='ltr'>cum</span> <span class='ocrx_word' id='word_1_126' title='bbox 412 2105 602 2192; x_wconf 88' lang='lat' dir='ltr'>apostolicae</span> <span class='ocrx_word' id='word_1_127' title='bbox 636 2106 718 2172; x_wconf 83' lang='lat' dir='ltr'>vitae</span> <span class='ocrx_word' id='word_1_128' title='bbox 739 2107 841 2192; x_wconf 87' lang='lat' dir='ltr'>magis</span> <span class='ocrx_word' id='word_1_129' title='bbox 864 2107 1016 2191; x_wconf 84' lang='lat' dir='ltr'>quaedam</span> <span class='ocrx_word' id='word_1_130' title='bbox 1037 2108 1244 2191; x_wconf 82' lang='lat' dir='ltr'>purgamenta</span> <span class='ocrx_word' id='word_1_131' title='bbox 1266 2108 1444 2189; x_wconf 78' lang='lat' dir='ltr'>ertitemnt,</span> 
     </span>
     <span class='ocr_line' id='line_1_17' title="bbox 242 2211 1446 2305; baseline 0.002 -23"><span class='ocrx_word' id='word_1_132' title='bbox 242 2237 336 2301; x_wconf 90' lang='lat' dir='ltr'>quam</span> <span class='ocrx_word' id='word_1_133' title='bbox 359 2236 395 2282; x_wconf 87' lang='lat' dir='ltr'>ex</span> <span class='ocrx_word' id='word_1_134' title='bbox 417 2225 549 2305; x_wconf 88' lang='lat' dir='ltr'>corpore</span> <span class='ocrx_word' id='word_1_135' title='bbox 569 2218 651 2286; x_wconf 88' lang='lat' dir='ltr'>sacri</span> <span class='ocrx_word' id='word_1_136' title='bbox 672 2218 756 2284; x_wconf 90' lang='lat' dir='ltr'>illius</span> <span class='ocrx_word' id='word_1_137' title='bbox 780 2217 902 2304; x_wconf 85' lang='lat' dir='ltr'>collegii</span> <span class='ocrx_word' id='word_1_138' title='bbox 924 2217 1022 2284; x_wconf 85' lang='lat' dir='ltr'>foisse</span> <span class='ocrx_word' id='word_1_139' title='bbox 1040 2211 1289 2304; x_wconf 83' lang='lat' dir='ltr'>comprobentur,</span> <span class='ocrx_word' id='word_1_140' title='bbox 1313 2220 1351 2285; x_wconf 91' lang='lat' dir='ltr'>dc</span> <span class='ocrx_word' id='word_1_141' title='bbox 1374 2238 1446 2304; x_wconf 89' lang='lat' dir='ltr'>qua·</span> 
     </span>
     <span class='ocr_line' id='line_1_18' title="bbox 239 2327 1447 2416; baseline 0.003 -22"><span class='ocrx_word' id='word_1_142' title='bbox 239 2327 322 2394; x_wconf 91' lang='lat' dir='ltr'>libus</span> <span class='ocrx_word' id='word_1_143' title='bbox 345 2331 377 2396; x_wconf 91' lang='lat' dir='ltr'>et</span> <span class='ocrx_word' id='word_1_144' title='bbox 398 2327 557 2396; x_wconf 86' lang='lat' dir='ltr'>Johannes</span> <span class='ocrx_word' id='word_1_145' title='bbox 590 2330 752 2416; x_wconf 86' lang='lat' dir='ltr'>apostolus</span> <span class='ocrx_word' id='word_1_146' title='bbox 775 2348 819 2395; x_wconf 84' lang='lat' dir='ltr'>ex</span> <span class='ocrx_word' id='word_1_147' title='bbox 839 2328 979 2410; x_wconf 89' lang='lat' dir='ltr'>nobis,</span> <span class='ocrx_word' id='word_1_148' title='bbox 1013 2329 1124 2415; x_wconf 86' lang='lat' dir='ltr'>inquit,</span> <span class='ocrx_word' id='word_1_149' title='bbox 1158 2329 1345 2398; x_wconf 85' lang='lat' dir='ltr'>exierunt</span> <span class='ocrx_word' id='word_1_150' title='bbox 1379 2329 1447 2398; x_wconf 89' lang='lat' dir='ltr'>sed</span> 
     </span>
     <span class='ocr_line' id='line_1_19' title="bbox 239 2439 1443 2520; baseline 0.002 -13"><span class='ocrx_word' id='word_1_151' title='bbox 239 2460 313 2507; x_wconf 95' lang='lat' dir='ltr'>non</span> <span class='ocrx_word' id='word_1_152' title='bbox 346 2444 461 2506; x_wconf 91' lang='lat' dir='ltr'>erant</span> <span class='ocrx_word' id='word_1_153' title='bbox 494 2459 536 2507; x_wconf 86' lang='lat' dir='ltr'>er</span> <span class='ocrx_word' id='word_1_154' title='bbox 567 2441 704 2520; x_wconf 90' lang='lat' dir='ltr'>nobis,</span> <span class='ocrx_word' id='word_1_155' title='bbox 747 2459 810 2506; x_wconf 93' lang='lat' dir='ltr'>non</span> <span class='ocrx_word' id='word_1_156' title='bbox 852 2439 970 2506; x_wconf 90' lang='lat' dir='ltr'>mirum</span> <span class='ocrx_word' id='word_1_157' title='bbox 1004 2440 1031 2506; x_wconf 92' lang='lat' dir='ltr'>si</span> <span class='ocrx_word' id='word_1_158' title='bbox 1063 2442 1096 2507; x_wconf 89' lang='lat' dir='ltr'>et</span> <span class='ocrx_word' id='word_1_159' title='bbox 1127 2439 1161 2506; x_wconf 92' lang='lat' dir='ltr'>in</span> <span class='ocrx_word' id='word_1_160' title='bbox 1195 2441 1310 2508; x_wconf 89' lang='lat' dir='ltr'>talibus</span> <span class='ocrx_word' id='word_1_161' title='bbox 1334 2446 1443 2510; x_wconf 87' lang='lat' dir='ltr'>nostro</span> 
     </span>
     <span class='ocr_line' id='line_1_20' title="bbox 241 2551 1448 2639; baseline 0.002 -21"><span class='ocrx_word' id='word_1_162' title='bbox 241 2573 362 2638; x_wconf 90' lang='lat' dir='ltr'>quoque</span> <span class='ocrx_word' id='word_1_163' title='bbox 383 2555 525 2639; x_wconf 88' lang='lat' dir='ltr'>tempore</span> <span class='ocrx_word' id='word_1_164' title='bbox 546 2551 736 2620; x_wconf 86' lang='lat' dir='ltr'>abominatio</span> <span class='ocrx_word' id='word_1_165' title='bbox 761 2551 961 2618; x_wconf 88' lang='lat' dir='ltr'>desolationis</span> <span class='ocrx_word' id='word_1_166' title='bbox 976 2552 1080 2618; x_wconf 88' lang='lat' dir='ltr'>locum</span> <span class='ocrx_word' id='word_1_167' title='bbox 1094 2551 1261 2622; x_wconf 87' lang='lat' dir='ltr'>invenitur.</span> <span class='ocrx_word' id='word_1_168' title='bbox 1285 2554 1336 2622; x_wconf 84' lang='lat' dir='ltr'>Sic</span> <span class='ocrx_word' id='word_1_169' title='bbox 1364 2555 1448 2620; x_wconf 90' lang='lat' dir='ltr'>onim</span> 
     </span>
     <span class='ocr_line' id='line_1_21' title="bbox 239 2663 1447 2749; baseline 0.004 -20"><span class='ocrx_word' id='word_1_170' title='bbox 239 2664 272 2729; x_wconf 92' lang='lat' dir='ltr'>in</span> <span class='ocrx_word' id='word_1_171' title='bbox 293 2663 386 2749; x_wconf 87' lang='lat' dir='ltr'>hujus</span> <span class='ocrx_word' id='word_1_172' title='bbox 408 2663 600 2731; x_wconf 88' lang='lat' dir='ltr'>monstruosi</span> <span class='ocrx_word' id='word_1_173' title='bbox 622 2663 697 2729; x_wconf 91' lang='lat' dir='ltr'>mali</span> <span class='ocrx_word' id='word_1_174' title='bbox 718 2664 853 2749; x_wconf 88' lang='lat' dir='ltr'>figuram</span> <span class='ocrx_word' id='word_1_175' title='bbox 868 2663 945 2730; x_wconf 94' lang='lat' dir='ltr'>olim</span> <span class='ocrx_word' id='word_1_176' title='bbox 959 2663 1203 2731; x_wconf 89' lang='lat' dir='ltr'>abominandum</span> <span class='ocrx_word' id='word_1_177' title='bbox 1215 2665 1304 2734; x_wconf 88' lang='lat' dir='ltr'>Jovis</span> <span class='ocrx_word' id='word_1_178' title='bbox 1326 2667 1447 2736; x_wconf 91' lang='lat' dir='ltr'>idolum</span> 
     </span>
     <span class='ocr_line' id='line_1_22' title="bbox 239 2772 1446 2865; baseline 0.003 -25"><span class='ocrx_word' id='word_1_179' title='bbox 239 2792 302 2840; x_wconf 94' lang='lat' dir='ltr'>non</span> <span class='ocrx_word' id='word_1_180' title='bbox 325 2772 428 2838; x_wconf 90' lang='lat' dir='ltr'>solum</span> <span class='ocrx_word' id='word_1_181' title='bbox 448 2772 482 2837; x_wconf 92' lang='lat' dir='ltr'>in</span> <span class='ocrx_word' id='word_1_182' title='bbox 502 2773 557 2839; x_wconf 92' lang='lat' dir='ltr'>illo</span> <span class='ocrx_word' id='word_1_183' title='bbox 579 2772 714 2839; x_wconf 80' lang='lat' dir='ltr'>breviori</span> <span class='ocrx_word' id='word_1_184' title='bbox 749 2773 866 2858; x_wconf 85' lang='lat' dir='ltr'>templo</span> <span class='ocrx_word' id='word_1_185' title='bbox 888 2793 944 2858; x_wconf 85' lang='lat' dir='ltr'>per</span> <span class='ocrx_word' id='word_1_186' title='bbox 964 2774 1157 2842; x_wconf 74' lang='lat' dir='ltr'>Antiochum</span> <span class='ocrx_word' id='word_1_187' title='bbox 1178 2778 1362 2865; x_wconf 79' lang='lat' dir='ltr'>Epiphaucn</span> <span class='ocrx_word' id='word_1_188' title='bbox 1381 2779 1446 2844; x_wconf 87' lang='lat' dir='ltr'>ool·</span> 
     </span>
    </p>
   </div>
   <div class='ocr_carea' id='block_1_3' title="bbox 239 2878 1572 2975">
    <p class='ocr_par' dir='ltr' id='par_1_3' title="bbox 239 2878 1572 2975">
     <span class='ocr_line' id='line_1_23' title="bbox 239 2878 1572 2975; baseline 0.002 -23"><span class='ocrx_word' id='word_1_189' title='bbox 239 2887 379 2952; x_wconf 87' lang='lat' dir='ltr'>locatum</span> <span class='ocrx_word' id='word_1_190' title='bbox 391 2886 415 2968; x_wconf 86' lang='lat'>⁴)</span> <span class='ocrx_word' id='word_1_191' title='bbox 451 2886 508 2964; x_wconf 94' lang='grc'>111,</span> <span class='ocrx_word' id='word_1_192' title='bbox 544 2885 627 2970; x_wconf 92' lang='lat' dir='ltr'>quod</span> <span class='ocrx_word' id='word_1_193' title='bbox 657 2882 774 2950; x_wconf 90' lang='lat' dir='ltr'>ibidem</span> <span class='ocrx_word' id='word_1_194' title='bbox 807 2904 862 2969; x_wconf 88' lang='lat' dir='ltr'>per</span> <span class='ocrx_word' id='word_1_195' title='bbox 884 2889 948 2951; x_wconf 90' lang='lat' dir='ltr'>tres</span> <span class='ocrx_word' id='word_1_196' title='bbox 970 2884 1109 2972; x_wconf 82' lang='lat' dir='ltr'>integros</span> <span class='ocrx_word' id='word_1_197' title='bbox 1134 2889 1270 2956; x_wconf 87' lang='lat' dir='ltr'>stetisse</span> <span class='ocrx_word' id='word_1_198' title='bbox 1306 2907 1405 2958; x_wconf 89' lang='lat' dir='ltr'>annos</span> <span class='ocrx_word' id='word_1_199' title='bbox 1420 2895 1444 2975; x_wconf 76' lang='grc' dir='ltr'>δ)</span> <span class='ocrx_word' id='word_1_200' title='bbox 1571 2878 1572 2899; x_wconf 68' lang='grc'>’</span> 
     </span>
    </p>
   </div>
   <div class='ocr_carea' id='block_1_4' title="bbox 240 2993 1445 3087">
    <p class='ocr_par' dir='ltr' id='par_1_4' title="bbox 240 2993 1445 3087">
     <span class='ocr_line' id='line_1_24' title="bbox 240 2993 1445 3087; baseline 0.003 -23"><span class='ocrx_word' id='word_1_201' title='bbox 240 2997 336 3064; x_wconf 87' lang='lat' dir='ltr'>refert</span> <span class='ocrx_word' id='word_1_202' title='bbox 367 2993 499 3063; x_wconf 87' lang='lat' dir='ltr'>historia</span> <span class='ocrx_word' id='word_1_203' title='bbox 532 2995 587 3060; x_wconf 89' lang='lat' dir='ltr'>sed</span> <span class='ocrx_word' id='word_1_204' title='bbox 623 2997 655 3060; x_wconf 94' lang='lat' dir='ltr'>et</span> <span class='ocrx_word' id='word_1_205' title='bbox 685 2995 719 3059; x_wconf 92' lang='lat' dir='ltr'>in</span> <span class='ocrx_word' id='word_1_206' title='bbox 754 2995 834 3081; x_wconf 85' lang='lat' dir='ltr'>ipso,</span> <span class='ocrx_word' id='word_1_207' title='bbox 870 2997 952 3078; x_wconf 89' lang='lat' dir='ltr'>quod</span> <span class='ocrx_word' id='word_1_208' title='bbox 988 3000 1191 3083; x_wconf 87' lang='lat' dir='ltr'>postmodum</span> <span class='ocrx_word' id='word_1_209' title='bbox 1229 3000 1263 3066; x_wconf 92' lang='lat' dir='ltr'>in</span> <span class='ocrx_word' id='word_1_210' title='bbox 1283 3001 1445 3087; x_wconf 82' lang='lat' dir='ltr'>integrum</span> 
     </span>
    </p>
   </div>
   <div class='ocr_carea' id='block_1_5' title="bbox 240 3104 1571 3641">
    <p class='ocr_par' dir='ltr' id='par_1_5' title="bbox 240 3104 1571 3417">
     <span class='ocr_line' id='line_1_25' title="bbox 241 3104 1571 3191; baseline 0.009 -19"><span class='ocrx_word' id='word_1_211' title='bbox 241 3107 433 3173; x_wconf 88' lang='lat' dir='ltr'>celsitudinis</span> <span class='ocrx_word' id='word_1_212' title='bbox 455 3108 575 3171; x_wconf 88' lang='lat' dir='ltr'>statum</span> <span class='ocrx_word' id='word_1_213' title='bbox 597 3123 651 3190; x_wconf 86' lang='lat' dir='ltr'>per</span> <span class='ocrx_word' id='word_1_214' title='bbox 672 3104 820 3172; x_wconf 88' lang='lat' dir='ltr'>Heroden</span> <span class='ocrx_word' id='word_1_215' title='bbox 842 3111 1022 3190; x_wconf 85' lang='lat' dir='ltr'>reparatum</span> <span class='ocrx_word' id='word_1_216' title='bbox 1044 3114 1101 3191; x_wconf 88' lang='grc'>111,</span> <span class='ocrx_word' id='word_1_217' title='bbox 1127 3111 1234 3177; x_wconf 91' lang='lat' dir='ltr'>eadem</span> <span class='ocrx_word' id='word_1_218' title='bbox 1256 3110 1446 3179; x_wconf 85' lang='lat' dir='ltr'>abominatio</span> <span class='ocrx_word' id='word_1_219' title='bbox 1570 3171 1571 3184; x_wconf 67' lang='grc'>,</span> 
     </span>
     <span class='ocr_line' id='line_1_26' title="bbox 241 3216 1447 3303; baseline 0.006 -20"><span class='ocrx_word' id='word_1_220' title='bbox 241 3217 441 3284; x_wconf 89' lang='lat' dir='ltr'>desolationis</span> <span class='ocrx_word' id='word_1_221' title='bbox 467 3236 503 3284; x_wconf 85' lang='lat' dir='ltr'>er</span> <span class='ocrx_word' id='word_1_222' title='bbox 526 3217 593 3303; x_wconf 83' lang='lat' dir='ltr'>Oaji</span> <span class='ocrx_word' id='word_1_223' title='bbox 616 3216 756 3285; x_wconf 76' lang='lat' dir='ltr'>Caesaris</span> <span class='ocrx_word' id='word_1_224' title='bbox 778 3220 942 3302; x_wconf 86' lang='lat' dir='ltr'>praecepto</span> <span class='ocrx_word' id='word_1_225' title='bbox 964 3217 1053 3285; x_wconf 88' lang='lat' dir='ltr'>illata</span> <span class='ocrx_word' id='word_1_226' title='bbox 1075 3222 1138 3300; x_wconf 83' lang='lat' dir='ltr'>est,</span> <span class='ocrx_word' id='word_1_227' title='bbox 1161 3220 1206 3286; x_wconf 93' lang='lat' dir='ltr'>ita</span> <span class='ocrx_word' id='word_1_228' title='bbox 1228 3225 1263 3286; x_wconf 90' lang='lat' dir='ltr'>ut</span> <span class='ocrx_word' id='word_1_229' title='bbox 1286 3222 1319 3287; x_wconf 93' lang='lat' dir='ltr'>in</span> <span class='ocrx_word' id='word_1_230' title='bbox 1338 3223 1447 3290; x_wconf 91' lang='lat' dir='ltr'>eodem</span> 
     </span>
     <span class='ocr_line' id='line_1_27' title="bbox 240 3329 1446 3417; baseline 0.005 -22"><span class='ocrx_word' id='word_1_231' title='bbox 240 3331 308 3415; x_wconf 85' lang='lat' dir='ltr'>ipso</span> <span class='ocrx_word' id='word_1_232' title='bbox 343 3329 462 3416; x_wconf 87' lang='lat' dir='ltr'>templo</span> <span class='ocrx_word' id='word_1_233' title='bbox 497 3332 529 3396; x_wconf 92' lang='grc'>11</span> <span class='ocrx_word' id='word_1_234' title='bbox 563 3329 717 3396; x_wconf 89' lang='lat' dir='ltr'>Dominus</span> <span class='ocrx_word' id='word_1_235' title='bbox 749 3329 965 3412; x_wconf 84' lang='lat' dir='ltr'>praesentatus</span> <span class='ocrx_word' id='word_1_236' title='bbox 1001 3329 1044 3396; x_wconf 90' lang='grc'>111</span> <span class='ocrx_word' id='word_1_237' title='bbox 1072 3330 1174 3397; x_wconf 87' lang='lat' dir='ltr'>infans</span> <span class='ocrx_word' id='word_1_238' title='bbox 1195 3334 1289 3417; x_wconf 90' lang='lat' dir='ltr'>atque</span> <span class='ocrx_word' id='word_1_239' title='bbox 1320 3335 1446 3402; x_wconf 89' lang='lat' dir='ltr'>adultus</span> 
     </span>
    </p>

    <p class='ocr_par' dir='ltr' id='par_1_6' title="bbox 241 3421 1570 3641">
     <span class='ocr_line' id='line_1_28' title="bbox 241 3421 1570 3530; baseline 0.005 -24"><span class='ocrx_word' id='word_1_240' title='bbox 241 3440 381 3507; x_wconf 88' lang='lat' dir='ltr'>docuerit</span> <span class='ocrx_word' id='word_1_241' title='bbox 403 3443 434 3507; x_wconf 91' lang='lat' dir='ltr'>et</span> <span class='ocrx_word' id='word_1_242' title='bbox 455 3439 645 3507; x_wconf 88' lang='lat' dir='ltr'>abominatio</span> <span class='ocrx_word' id='word_1_243' title='bbox 669 3456 790 3525; x_wconf 88' lang='lat' dir='ltr'>quoque</span> <span class='ocrx_word' id='word_1_244' title='bbox 812 3439 1012 3506; x_wconf 87' lang='lat' dir='ltr'>desolationis</span> <span class='ocrx_word' id='word_1_245' title='bbox 1031 3442 1162 3509; x_wconf 86' lang='lat' dir='ltr'>steterit.</span> <span class='ocrx_word' id='word_1_246' title='bbox 1186 3439 1241 3510; x_wconf 83' lang='lat' dir='ltr'>Sic</span> <span class='ocrx_word' id='word_1_247' title='bbox 1263 3465 1336 3530; x_wconf 86' lang='lat' dir='ltr'>ergo</span> <span class='ocrx_word' id='word_1_248' title='bbox 1359 3451 1392 3513; x_wconf 90' lang='lat' dir='ltr'>et</span> <span class='ocrx_word' id='word_1_249' title='bbox 1413 3446 1447 3512; x_wconf 94' lang='lat' dir='ltr'>in</span> <span class='ocrx_word' id='word_1_250' title='bbox 1569 3421 1570 3426; x_wconf 7' lang='grc' dir='ltr'><strong>Ἰ</strong></span> 
     </span>
     <span class='ocr_line' id='line_1_29' title="bbox 242 3549 1446 3641; baseline 0.006 -23"><span class='ocrx_word' id='word_1_251' title='bbox 242 3551 371 3618; x_wconf 83' lang='grc'>11111111</span> <span class='ocrx_word' id='word_1_252' title='bbox 401 3551 461 3618; x_wconf 88' lang='grc' dir='ltr'>Ι)11</span> <span class='ocrx_word' id='word_1_253' title='bbox 493 3569 556 3617; x_wconf 93' lang='lat' dir='ltr'>non</span> <span class='ocrx_word' id='word_1_254' title='bbox 588 3550 704 3616; x_wconf 90' lang='lat' dir='ltr'>mirum</span> <span class='ocrx_word' id='word_1_255' title='bbox 736 3549 763 3615; x_wconf 89' lang='lat' dir='ltr'>si</span> <span class='ocrx_word' id='word_1_256' title='bbox 785 3552 817 3615; x_wconf 91' lang='grc'>11</span> <span class='ocrx_word' id='word_1_257' title='bbox 838 3551 964 3634; x_wconf 89' lang='lat' dir='ltr'>optimis</span> <span class='ocrx_word' id='word_1_258' title='bbox 1000 3553 1139 3637; x_wconf 87' lang='lat' dir='ltr'>pessima</span> <span class='ocrx_word' id='word_1_259' title='bbox 1171 3556 1326 3641; x_wconf 83' lang='lat' dir='ltr'>permixta</span> <span class='ocrx_word' id='word_1_260' title='bbox 1359 3563 1446 3640; x_wconf 76' lang='lat' dir='ltr'>sunt,</span> 
     </span>
    </p>
   </div>
   <div class='ocr_carea' id='block_1_6' title="bbox 242 3660 1445 3858">
    <p class='ocr_par' dir='ltr' id='par_1_7' title="bbox 242 3660 1445 3858">
     <span class='ocr_line' id='line_1_30' title="bbox 242 3660 1445 3748; baseline 0.007 -20"><span class='ocrx_word' id='word_1_261' title='bbox 242 3662 324 3730; x_wconf 91' lang='lat' dir='ltr'>sicut</span> <span class='ocrx_word' id='word_1_262' title='bbox 346 3662 422 3729; x_wconf 81' lang='lat' dir='ltr'>dicit</span> <span class='ocrx_word' id='word_1_263' title='bbox 444 3662 609 3748; x_wconf 84' lang='lat' dir='ltr'>scriptura,</span> <span class='ocrx_word' id='word_1_264' title='bbox 634 3660 781 3746; x_wconf 89' lang='lat' dir='ltr'>quoniam</span> <span class='ocrx_word' id='word_1_265' title='bbox 803 3680 875 3728; x_wconf 85' lang='lat' dir='ltr'>eum</span> <span class='ocrx_word' id='word_1_266' title='bbox 892 3661 1050 3728; x_wconf 81' lang='grc'>1111111111</span> <span class='ocrx_word' id='word_1_267' title='bbox 1065 3663 1121 3730; x_wconf 90' lang='lat' dir='ltr'>filii</span> <span class='ocrx_word' id='word_1_268' title='bbox 1135 3665 1193 3732; x_wconf 88' lang='lat' dir='ltr'>Dei</span> <span class='ocrx_word' id='word_1_269' title='bbox 1209 3670 1245 3733; x_wconf 91' lang='lat' dir='ltr'>ut</span> <span class='ocrx_word' id='word_1_270' title='bbox 1259 3669 1445 3737; x_wconf 86' lang='lat' dir='ltr'>assisterent</span> 
     </span>
     <span class='ocr_line' id='line_1_31' title="bbox 242 3769 1070 3858; baseline 0.002 -20"><span class='ocrx_word' id='word_1_271' title='bbox 242 3791 348 3840; x_wconf 87' lang='lat' dir='ltr'>coram</span> <span class='ocrx_word' id='word_1_272' title='bbox 368 3771 506 3840; x_wconf 91' lang='lat' dir='ltr'>Domino</span> <span class='ocrx_word' id='word_1_273' title='bbox 530 3769 621 3840; x_wconf 84' lang='lat' dir='ltr'>affuit</span> <span class='ocrx_word' id='word_1_274' title='bbox 645 3773 801 3840; x_wconf 90' lang='lat' dir='ltr'>intereos</span> <span class='ocrx_word' id='word_1_275' title='bbox 824 3774 919 3842; x_wconf 90' lang='lat' dir='ltr'>etiam</span> <span class='ocrx_word' id='word_1_276' title='bbox 941 3777 1070 3858; x_wconf 55' lang='lat' dir='ltr'>satana)</span> 
     </span>
    </p>
   </div>
   <div class='ocr_carea' id='block_1_7' title="bbox 341 3959 615 4422">
    <p class='ocr_par' dir='ltr' id='par_1_8' title="bbox 341 3959 615 4422">
     <span class='ocr_line' id='line_1_32' title="bbox 345 3959 596 4032; baseline 0.004 -18"><span class='ocrx_word' id='word_1_277' title='bbox 345 3961 363 4032; x_wconf 85' lang='lat'>¹)</span> <span class='ocrx_word' id='word_1_278' title='bbox 382 3963 466 4018; x_wconf 83' lang='lat' dir='ltr'>Math.</span> <span class='ocrx_word' id='word_1_279' title='bbox 487 3963 531 4018; x_wconf 82' lang='lat' dir='ltr'>la.</span> <span class='ocrx_word' id='word_1_280' title='bbox 551 3959 596 4015; x_wconf 86' lang='lat'>41.</span> 
     </span>
     <span class='ocr_line' id='line_1_33' title="bbox 343 4063 615 4129; baseline 0.004 -15"><span class='ocrx_word' id='word_1_281' title='bbox 343 4063 363 4129; x_wconf 68' lang='grc'>1)</span> <span class='ocrx_word' id='word_1_282' title='bbox 384 4063 441 4116; x_wconf 91' lang='lat' dir='ltr'>eod.</span> <span class='ocrx_word' id='word_1_283' title='bbox 461 4076 520 4128; x_wconf 86' lang='lat' dir='ltr'>que,</span> <span class='ocrx_word' id='word_1_284' title='bbox 539 4075 615 4128; x_wconf 81' lang='lat' dir='ltr'>qnae.</span> 
     </span>
     <span class='ocr_line' id='line_1_34' title="bbox 343 4157 573 4230; baseline 0.009 -17"><span class='ocrx_word' id='word_1_285' title='bbox 343 4157 426 4230; x_wconf 69' lang='grc'>8)1)1.</span> <span class='ocrx_word' id='word_1_286' title='bbox 448 4159 509 4215; x_wconf 82' lang='lat'><strong>143.</strong></span> <span class='ocrx_word' id='word_1_287' title='bbox 529 4159 573 4215; x_wconf 80' lang='lat'>12.</span> 
     </span>
     <span class='ocr_line' id='line_1_35' title="bbox 341 4253 590 4326; baseline 0.008 -16"><span class='ocrx_word' id='word_1_288' title='bbox 341 4253 363 4326; x_wconf 84' lang='lat'>⁴)</span> <span class='ocrx_word' id='word_1_289' title='bbox 382 4257 439 4313; x_wconf 88' lang='lat' dir='ltr'>cod.</span> <span class='ocrx_word' id='word_1_290' title='bbox 458 4258 590 4312; x_wconf 88' lang='lat' dir='ltr'>collatum.</span> 
     </span>
     <span class='ocr_line' id='line_1_36' title="bbox 344 4357 559 4422; baseline 0.009 -14"><span class='ocrx_word' id='word_1_291' title='bbox 344 4357 559 4422; x_wconf 47' lang='lat' dir='ltr'>&amp;mmm</span> 
     </span>
    </p>
   </div>
   <div class='ocr_carea' id='block_1_8' title="bbox 344 4454 533 4520">
    <p class='ocr_par' dir='ltr' id='par_1_9' title="bbox 344 4454 533 4520">
     <span class='ocr_line' id='line_1_37' title="bbox 344 4454 533 4520; baseline 0.016 -13"><span class='ocrx_word' id='word_1_292' title='bbox 344 4456 363 4520; x_wconf 64' lang='grc' dir='ltr'>υ)</span> <span class='ocrx_word' id='word_1_293' title='bbox 385 4454 442 4509; x_wconf 81' lang='lat' dir='ltr'>Job.</span> <span class='ocrx_word' id='word_1_294' title='bbox 463 4455 487 4510; x_wconf 91' lang='lat'>1.</span> <span class='ocrx_word' id='word_1_295' title='bbox 508 4455 533 4510; x_wconf 89' lang='lat'>6.</span> 
     </span>
    </p>
   </div>
   <div class='ocr_carea' id='block_1_9' title="bbox 0 0 1593 5202">
    <p class='ocr_par' dir='ltr' id='par_1_10' title="bbox 0 0 1593 5202">
     <span class='ocr_line' id='line_1_38' title="bbox 0 0 1593 5202; baseline 0 0"><span class='ocrx_word' id='word_1_296' title='bbox 0 0 1593 5202; x_wconf 95' lang='lat' dir='ltr'> </span> 
     </span>
    </p>
   </div>
  </div>
 </body>
</html>
