3168 5190
243 399 308 467 204

221 572 381 656 legitima
417 574 455 639 de
476 575 632 658 potestate
664 574 730 660 ejus
764 574 902 659 rapuerit
936 574 1009 660 quid
1031 573 1241 659 putabimus?
1284 577 1370 645 Num
1392 581 1458 645 aut

242 687 350 752 statim
372 687 465 751 homo
488 687 590 752 divino
615 690 784 772 conspectu
821 687 935 770 dignus
959 688 1104 752 existeret
1125 691 1181 752 aut
1203 691 1310 756 levare
1331 690 1455 758 faciem

242 815 332 864 suam
353 799 392 863 ad
414 799 516 863 Deum
537 800 667 882 possete
688 798 771 881 Quin
791 799 898 883 potius
921 799 1004 864 male
1025 798 1126 865 adhuc
1149 801 1292 868 conscius
1316 807 1348 869 et
1371 822 1456 870 con-

241 909 386 974 scientiae
419 909 561 994 propriae
593 909 699 994 flagris
722 925 759 976 ac
783 910 917 976 stimulis
953 909 1165 977 diverberatur
1189 930 1207 976 a
1229 915 1294 978 veri
1317 916 1455 982 luminis

241 1022 369 1102 aspectu
390 1020 546 1104 refugeret
567 1039 624 1085 noc
646 1020 747 1104 magis
782 1037 887 1085 coram
909 1019 988 1086 facie
1009 1020 1138 1086 Domini
1161 1039 1255 1105 quam
1277 1028 1367 1091 vetus
1390 1025 1452 1092 ille

242 1130 344 1196 Adam
365 1131 415 1195 uel
435 1128 595 1195 fratricida
617 1131 691 1197 Cain
721 1134 805 1196 stare
827 1132 992 1214 potuisset.
1038 1132 1107 1215 Quo
1129 1136 1236 1198 autem
1257 1133 1381 1219 fugeret
1402 1134 1451 1200 ab

239 1244 366 1326 aspectu
399 1241 464 1307 veri
486 1241 612 1306 luminis
635 1241 696 1305 nisi
713 1242 753 1307 ad
775 1260 847 1307 suae
871 1241 1027 1322 tenebrae,
1059 1243 1092 1308 in
1117 1243 1231 1326 quibus
1253 1265 1316 1312 non
1339 1248 1450 1332 magis

238 1353 307 1439 ipse
325 1371 419 1436 quam
442 1351 583 1417 diabolus
606 1351 716 1437 refuga
737 1352 816 1418 lucis
833 1371 981 1437 umquam
997 1355 1136 1437 requiem
1152 1361 1235 1422 esset
1248 1357 1450 1439 inventurae,

240 1469 404 1550 essentque
433 1465 501 1549 jam
534 1465 595 1530 duo
630 1466 683 1544 rei,
717 1465 859 1531 diabolus
882 1470 913 1531 et
935 1465 1038 1546 homo,
1073 1468 1106 1530 iu
1134 1468 1199 1534 suis
1233 1469 1368 1536 tenebris
1400 1470 1451 1536 ab

240 1579 426 1643 alterutrum
447 1576 594 1661 disjuncti
614 1578 646 1642 in
669 1578 713 1643 eis
735 1579 899 1643 inventum
921 1578 1069 1661 puniendi
1090 1579 1151 1644 nisi
1173 1579 1273 1664 pietas
1296 1582 1450 1667 redemp-

239 1689 317 1756 toris
340 1690 476 1757 humano
499 1693 605 1776 generi
627 1690 874 1758 subveniendum
895 1689 1092 1757 decrevisset.
1115 1690 1208 1756 Nunc
1229 1709 1301 1757 vero
1323 1692 1356 1757 in
1377 1711 1449 1759 uno

239 1803 332 1886 atque
352 1803 460 1868 eodem
482 1821 603 1872 carcere
625 1804 722 1869 vincti
743 1803 798 1868 isti
819 1801 936 1868 inuenti
960 1804 1043 1881 sunt,
1068 1804 1191 1885 quando
1214 1821 1305 1869 verus
1321 1804 1452 1890 Joaeph

239 1913 331 1998 hujus
365 1915 472 1979 mundi
504 1915 630 1998 insuper
652 1917 684 1980 et
705 1914 818 1980 inferni
849 1931 1005 1980 carcerem
1028 1914 1156 1980 uisitare
1178 1914 1347 1982 descendit.
1389 1917 1452 1982 Ad

239 2023 328 2108 cujus
351 2025 595 2110 omnipotentem
629 2024 840 2109 conjecturam
863 2028 895 2090 et
918 2024 1023 2089 omnia
1057 2023 1166 2090 efficax
1187 2025 1326 2107 verbum,
1360 2027 1452 2093 sicut

238 2137 272 2201 in
294 2137 447 2220 scriptura
468 2137 609 2203 veritmis
625 2154 805 2220 expressum
820 2135 931 2216 fuerat,
955 2154 1035 2202 unus
1051 2154 1177 2202 reorum
1190 2136 1333 2203 videlicet
1346 2136 1449 2204 homo

239 2249 357 2332 gratiae
378 2247 506 2313 Domini
528 2249 587 2314 Dei
608 2249 657 2315 eui
678 2249 818 2315 redditus
834 2251 865 2314 et
881 2248 913 2318 in
928 2248 1062 2332 gradum
1082 2249 1252 2332 pristinum
1273 2249 1447 2318 restitutus

240 2360 306 2438 est,
326 2359 405 2424 alter
426 2377 499 2425 vero
521 2378 645 2425 reorum
667 2360 687 2425 i.
712 2380 738 2427 e.
761 2359 902 2425 diabolus
924 2360 957 2424 in
979 2378 1083 2439 cruce,
1108 2377 1205 2442 quarn
1226 2360 1362 2426 Domino
1384 2379 1450 2426 no-

240 2472 305 2535 stro
328 2470 405 2538 Jesu
426 2474 599 2555 paraverat,
634 2472 702 2556 ipse
725 2472 825 2536 victus
849 2476 880 2536 ct
901 2474 1004 2537 tortus
1027 2474 1123 2554 atquc
1146 2488 1164 2536 a
1185 2472 1321 2538 laesione
1342 2471 1450 2538 fidoli-

240 2599 294 2646 um
327 2600 497 2668 suspensus
531 2586 588 2648 est.
632 2584 711 2666 Quia
733 2585 816 2648 enim
837 2583 997 2669 passiones
1034 2584 1106 2649 illae
1140 2583 1239 2648 crucis
1262 2584 1295 2648 in
1317 2582 1447 2650 Christo

240 2709 366 2759 causam
399 2712 462 2759 non
483 2694 660 2761 habuerunt
693 2696 747 2761 sed
768 2713 824 2778 pro
846 2695 982 2761 hominis
1005 2698 1094 2760 reatu
1116 2693 1267 2760 abolendo
1290 2691 1449 2762 inferente

239 2823 296 2890 per
316 2805 476 2872 ministros
510 2825 583 2873 euos
607 2805 729 2872 diabolo
752 2825 771 2870 a
793 2806 917 2874 Christo
948 2807 1112 2888 susceptae
1142 2803 1335 2870 voluntariae
1356 2809 1447 2887 sunt,

239 2916 346 2981 inanes
380 2936 447 2982 esse
468 2935 666 3002 nequaquam
688 2920 856 3002 potuerunt
889 2918 944 2983 sed
967 2917 1048 2983 sicut
1068 2916 1188 2982 homini
1224 2915 1448 2984 liberationem

245 3029 276 3092 et
299 3025 495 3112 refrigerium
518 3028 681 3095 afferentes
703 3030 831 3115 insuper
853 3031 961 3094 contra
983 3028 1087 3093 omnia
1108 3030 1301 3093 tentamenta
1324 3026 1450 3095 diaboli

240 3144 366 3208 scutum
388 3144 420 3206 et
440 3141 527 3206 locus
550 3139 663 3224 refugii
685 3140 829 3220 existunt,
853 3140 899 3204 ita
918 3138 1040 3204 diabolo
1064 3141 1257 3204 tormentum
1271 3141 1303 3204 et
1317 3142 1450 3206 aeterna

240 3253 370 3320 confixio
392 3252 629 3338 permanebunt.
675 3251 716 3316 Ilt
738 3254 813 3316 tunc
835 3250 919 3316 enim
941 3269 1052 3334 corpus
1076 3249 1143 3333 eJ'us
1165 3249 1205 3315 ab
1227 3249 1338 3316 auibus
1360 3252 1448 3317 coeli

241 3365 469 3431 comminutum
492 3365 524 3428 et
545 3363 747 3429 dilaceratum
770 3365 818 3427 est
839 3380 902 3427 non
924 3364 1027 3427 solum
1048 3379 1162 3446 magno
1184 3361 1309 3428 herodio
1332 3364 1447 3429 nostro

240 3477 290 3542 vel
311 3476 415 3560 aquila
438 3475 561 3542 Christo
583 3473 739 3540 infernum
760 3475 914 3561 spoliante
936 3477 968 3540 et
989 3492 1052 3555 eos,
1088 3492 1166 3557 quoe
1183 3472 1244 3538 sibi
1260 3473 1448 3559 incorpora·

240 3589 337 3668 verat,
371 3586 528 3653 auferente
551 3587 606 3652 sed
626 3587 776 3672 apostolis
812 3605 934 3672 quoque
966 3586 1097 3669 aliisque
1127 3585 1188 3672 piis
1211 3583 1320 3651 auibus
1342 3585 1449 3668 spolia

241 3696 301 3764 sibi
315 3698 354 3765 do
368 3699 476 3764 codem
490 3716 628 3782 corpore,
652 3699 734 3782 qnod
756 3705 822 3764 erat
836 3698 1003 3782 impiorum
1019 3695 1216 3775 universitas,
1239 3693 1447 3780 rapientibus.

240 3807 331 3874 Alius
353 3826 426 3876 vero
449 3809 580 3891 vinctus,
614 3809 647 3875 id
669 3813 718 3876 eet
739 3809 842 3890 homo,
880 3827 943 3876 non
965 3809 1068 3875 solum
1089 3808 1127 3873 de
1148 3809 1305 3892 potestate
1327 3807 1446 3873 mortis

241 3922 349 3986 erutus
372 3919 426 3985 sed
449 3923 481 3986 et
501 3921 534 3986 in
556 3940 688 4007 regnum
710 3922 884 3989 dilectionis
907 3921 963 3987 filii
980 3921 1040 3988 Dei
1060 3919 1232 3986 translatus
1255 3919 1382 4004 ejusque
1402 3935 1449 3986 ac

241 4034 347 4101 Patris
370 4034 427 4101 Dei
461 4031 580 4118 Spiritu
613 4038 739 4119 potatus
760 4036 805 4101 ita
828 4034 989 4101 Christum
1024 4033 1058 4098 in
1089 4031 1154 4099 suis
1176 4028 1325 4096 membris
1347 4045 1448 4096 sanae

162 4237 163 4242 ἵ
244 4145 402 4213 doctrinae
424 4147 545 4233 poculis
567 4145 701 4212 inebriat
721 4147 818 4211 immo
840 4151 871 4214 et
892 4147 952 4231 ipsi
975 4144 1130 4212 divinitati
1153 4142 1255 4209 dudcia
1277 4140 1326 4208 sui
1347 4140 1448 4210 affec-

244 4262 296 4325 tus
317 4260 429 4344 pocula
449 4259 602 4344 propinat,
638 4260 899 4360 quemadmodum
931 4259 998 4342 ipse
1019 4256 1059 4322 ab
1082 4255 1191 4323 eadem
1218 4255 1252 4320 in
1272 4252 1448 4319 benedicti·
1579 4277 1580 4295 κ

243 4369 353 4438 ouibus
387 4371 558 4438 dulcedinis
591 4375 778 4459 praeuentus
812 4375 869 4452 est,
904 4371 985 4437 sicut
1017 4371 1088 4456 ipsa
1109 4367 1225 4435 veritae
1256 4365 1447 4452 promittere

243 4483 386 4569 dignata:
418 4483 602 4566 intrabo,
635 4485 747 4570 inquit,
779 4484 826 4551 ad
857 4483 971 4549 illum
993 4486 1031 4549 et
1053 4477 1224 4549 coenabo
1257 4495 1343 4545 cum
1363 4477 1442 4544 illo
