3168 5214
106 574 192 641 illud
214 577 247 642 et
268 573 375 661 capilli
397 572 529 654 candidi,
553 573 616 640 nisi
638 572 806 658 antiquitas
829 578 861 642 et
883 574 1049 642 aeternitas
1083 578 1132 640 est
1152 573 1257 657 Verbi,
1282 578 1320 643 de

113 704 179 771 qua
207 686 286 752 item
307 686 374 772 ipse
396 703 562 753 conversus
590 686 630 752 ad
652 685 849 753 scribendum
871 685 1047 753 sublimiter
1069 687 1242 753 inchoavit:
1274 689 1319 753 In

109 798 324 884 principio
347 795 625 864 eratVerbum
648 799 687 862 et
708 797 879 864 Verbum
901 799 987 866 erat
1008 798 1111 882 apud
1132 798 1257 866 Deum
1279 803 1320 866 et

110 910 221 977 Deus
244 912 334 978 crat
355 907 584 992 Verbum?¹)

561 1275 672 1345 cap.
690 1273 875 1336 Lxxn.

113 1405 202 1480 tinae
232 1401 380 1473 theoriae
409 1399 452 1468 ad
479 1398 682 1488 paradisum,
720 1417 802 1487 quae
834 1397 1003 1468 etiamad
1031 1397 1165 1466 tertium
1194 1397 1317 1467 coelum

618 1510 817 1600 pertineant.

213 1700 255 1767 nt
276 1699 351 1768 haec
375 1699 506 1766 dicimus
539 1716 602 1764 non
625 1698 708 1783 quod
731 1696 928 1779 arbitremur,
952 1714 1059 1762 omnes
1088 1696 1159 1763 illas
1182 1699 1315 1782 apostoli

113 1811 251 1878 visiones
282 1809 541 1877 adscribendum
573 1810 613 1876 ab
646 1829 681 1876 eo
717 1811 922 1895 Evangelium
942 1808 1143 1893 pertinuisse,
1178 1812 1253 1894 quin
1285 1813 1317 1876 et

114 1923 264 1990 ecclesiae
297 1923 357 1989 Dei
390 1941 571 2006 processum
593 1926 625 1988 et
648 1922 948 1989 consummationem
975 1921 1143 2006 respiciunt
1171 1940 1207 1986 er
1227 1926 1316 2006 perte

118 2035 266 2101 maxima.
290 2034 351 2102 Sed
372 2054 412 2099 no
433 2035 503 2100 illas
527 2034 662 2118 quidem,
676 2051 754 2117 quae
774 2030 972 2099 scribendum
995 2032 1198 2117 Evangelium
1220 2034 1318 2116 respi-

115 2146 212 2227 ciunt,
225 2165 280 2230 per
302 2147 427 2231 singula
447 2148 596 2231 adaptare
618 2145 719 2210 nostri
739 2144 893 2229 propositi
915 2149 974 2216 est.
1004 2145 1049 2211 At
1071 2161 1143 2210 vera
1166 2162 1211 2224 ea,
1236 2163 1316 2229 quae

111 2257 259 2337 diximus,
282 2257 322 2322 ad
343 2258 403 2324 hec
423 2258 512 2324 illata
533 2273 552 2320 a
573 2254 663 2320 uobis
687 2258 770 2333 sunt,
794 2255 877 2337 quod
897 2257 1040 2322 videatur
1061 2255 1151 2321 uobis
1174 2257 1244 2321 illas
1267 2257 1316 2321 vi·

110 2371 217 2438 aiones
239 2370 440 2454 imaginarias
474 2371 523 2435 vel
545 2368 678 2452 quaein
701 2366 842 2433 sensibus
869 2373 900 2434 et
922 2368 1086 2436 affectibus
1119 2373 1315 2455 peraguntur

111 2501 181 2548 esse
196 2500 233 2548 ac
250 2481 311 2546 dici
325 2499 419 2566 posse
440 2479 658 2564 paradisiacas,
681 2477 751 2542 illas
774 2496 856 2556 vero,
881 2497 960 2561 quae
984 2483 1156 2546 secundum
1171 2501 1222 2548 eas
1239 2482 1314 2548 sut·

111 2596 277 2678 sequenter
305 2592 339 2657 in
361 2588 570 2657 intellectibus
600 2591 703 2656 diviua
736 2591 922 2658 revelatione
956 2593 1151 2678 proveniunt,
1175 2613 1244 2660 esse
1277 2611 1314 2660 ac

113 2705 174 2772 dici
196 2722 289 2788 posse
311 2705 471 2782 coelestes
495 2704 623 2787 iusuper
645 2721 717 2768 vero
740 2707 772 2769 et
795 2704 834 2768 ad
857 2705 984 2771 tertium
1018 2707 1139 2771 coelum
1162 2723 1213 2771 cas
1230 2704 1314 2772 arbi·

109 2823 179 2882 tror
199 2815 364 2899 pertinere.
407 2814 479 2879 Nisi
512 2815 596 2879 enim
629 2815 714 2879 tertii
748 2815 828 2880 coeli
860 2819 979 2880 secreta
1001 2816 1161 2883 Jchannes
1195 2817 1312 2884 adisset

109 2925 250 2992 Verbum
271 2927 304 2990 in
326 2924 481 3010 principio
503 2925 586 3009 apud
603 2924 705 2990 Deum
727 2925 952 3008 intelligentiae
974 2929 1065 2992 oculo
1088 2946 1150 2993 nou
1172 2927 1311 2994 uidisset.

109 3037 155 3103 Et
176 3038 303 3103 illarum
336 3036 462 3120 quidem
483 3037 640 3102 interdum
664 3037 712 3101 vel
734 3036 868 3102 maxime
901 3038 1006 3121 angeli
1028 3043 1204 3122 operatores
1228 3045 1311 3122 suut,

109 3149 188 3215 istas
200 3167 274 3217 vero
287 3150 435 3214 coelestes
448 3149 561 3232 illeper
572 3168 606 3214 se
616 3148 720 3232 ipsum
733 3152 888 3234 operatur,
902 3151 955 3232 qui
966 3151 1061 3231 solus,
1074 3155 1185 3238 utpote
1204 3155 1312 3238 singu·

108 3260 1310 3346 lemmegistor,docethominemscientiam.2)ntenimetsialiquando

106 3390 161 3456 per
175 3372 304 3456 angelos
319 3373 369 3436 vel
383 3391 439 3454 per
452 3372 597 3438 homiues
621 3373 785 3439 edocemur
805 3375 1028 3459 intelligentias
1041 3374 1205 3454 visionum,
1230 3376 1311 3440 sicut

109 3483 230 3550 dictum
263 3487 311 3549 est
333 3481 471 3550 Gabrieli
492 3482 533 3548 ab
555 3483 616 3550 alio
637 3483 815 3567 nescioquo
838 3489 973 3570 angelo:
996 3485 1060 3552 fac
1082 3485 1312 3570 intelligere

108 3595 224 3662 istum
239 3593 468 3677 visionem,⁸)
479 3595 561 3660 sicut
576 3593 689 3660 Daniel
704 3613 826 3679 quoque
840 3596 991 3680 interpres
1007 3596 1162 3663 visionum
1175 3613 1212 3660 ec
1228 3614 1313 3661 som·

108 3706 232 3772 nicrum
254 3703 356 3772 lactus
379 3711 437 3786 est,
470 3706 517 3771 illi
539 3710 646 3771 tamar
667 3725 789 3773 summo
823 3707 974 3791 magistro
997 3712 1080 3775 recte
1101 3709 1309 3794 principatum

108 3817 267 3884 doctrinae
281 3818 541 3901 recognoscimus,
559 3817 612 3901 qui
627 3820 657 3882 et
673 3817 794 3903 primus
809 3818 967 3886 doctorem
981 3820 1129 3905 angelum
1146 3821 1196 3886 vel
1210 3819 1312 3884 homi-

107 3947 180 3994 nem
202 3928 313 4007 erudit,
330 3927 444 4011 quique
460 3927 529 4011 ipsa
550 3928 642 3994 corda
660 3929 899 3994 erudiendorum
916 3931 1001 3996 eolus
1018 3929 1058 3995 ad
1072 3930 1310 4016 intelligentiam

107 4038 227 4126 pandit,
262 4038 325 4122 qui,
350 4040 431 4104 sicut
464 4039 616 4124 scriptum
650 4043 707 4119 est,
744 4039 861 4106 habet
894 4042 1051 4107 clavem
1083 4040 1215 4120 David,
1241 4041 1311 4124 qui

107 4149 242 4235 aperit
264 4152 304 4214 et
323 4167 434 4214 nemo
458 4150 628 4230 claudit,
665 4152 823 4217 claudit
845 4157 886 4218 et
906 4171 1020 4219 nemo
1043 4149 1223 4237 speriti)
1268 4152 1311 4217 Et

106 4262 184 4328 haec
206 4261 331 4345 quidem
354 4260 393 4326 de
415 4261 639 4345 scripturarum
662 4264 847 4329 auctoritate
868 4265 918 4330 vel
940 4263 1033 4328 etiam
1055 4263 1093 4328 de
1114 4264 1207 4348 hujus
1229 4267 1309 4330 tem-

212 4469 233 4543 ¹)
251 4474 323 4528 Joau.
344 4473 369 4526 1.
392 4473 415 4524 1.
446 4499 474 4511 —
503 4471 523 4543 ²)
543 4473 585 4527 Pe.
605 4471 649 4530 93.
672 4475 714 4529 10.
743 4503 774 4512 -
803 4471 825 4544 8)
843 4475 908 4534 Dan.
928 4478 953 4532 8.
976 4475 1018 4530 lt.
1039 4505 1072 4514 -
1093 4475 1113 4543 ⁴)
1132 4474 1213 4543 Apol.
1236 4476 1262 4532 3.
1283 4475 1308 4533 7.
