3158 5212
1270 363 1311 430 73

107 552 260 600 omnem
281 536 394 600 doum
416 539 577 618 excepto
600 535 679 600 Deo
703 554 782 602 sno.
820 537 850 602 A
872 554 928 601 me
950 554 1042 621 ergo
1065 535 1314 620 propositum

107 649 167 711 est
188 646 261 712 hoc
283 646 500 728 decretum,
524 649 568 711 ut
590 649 714 712 omnis
736 648 928 732 populus,
953 647 1085 712 tribus
1109 653 1143 712 ct
1163 647 1308 730 lingua,

107 774 202 841 quae
225 760 361 824 locuta
383 760 507 825 fuerit
528 758 824 843 blasphemiam
847 762 988 825 contra
1006 759 1125 824 Deum
1140 756 1312 836 Sidrach,

107 868 259 934 Misach
282 873 318 934 et
340 868 551 955 Abdenago
574 871 780 957 dispereat
803 874 841 936 et
864 871 994 934 domus
1018 869 1104 952 ejus
1127 871 1313 934 vastetur.

106 980 147 1044 Et
170 983 399 1063 consequenter
422 982 575 1064 scriptura
598 981 736 1047 annectit
758 981 879 1047 diceus:
902 980 1006 1047 Tunc
1027 999 1090 1045 rex
1111 978 1314 1045 Nabucho-

108 1091 285 1157 douoeor
319 1094 516 1175 promovit
554 1093 733 1175 sidrach,
767 1092 920 1160 Misach
955 1095 994 1158 et
1024 1092 1237 1176 Abdsnago
1271 1091 1310 1156 iu

110 1203 360 1285 provinciam
382 1204 610 1289 Babylonis.
652 1204 1019 1271 Nabuchodonosor
1041 1224 1104 1270 rex
1127 1201 1312 1269 omuibus

108 1315 291 1402 populis,
321 1315 505 1400 gentibus
532 1318 568 1382 et
596 1317 742 1400 linguis
770 1333 866 1400 quae
894 1315 1079 1381 habitant
1107 1319 1251 1382 terram
1272 1316 1313 1380 in

107 1427 298 1493 universa
334 1433 459 1494 terra:
506 1427 584 1493 Pax
622 1426 736 1494 vobis
771 1429 1073 1512 multiplicetur.
1118 1427 1235 1513 Signa
1272 1432 1312 1494 et

108 1537 316 1604 mirabilia
347 1538 443 1605 fecit
470 1541 566 1622 apud
595 1558 650 1604 me
677 1540 779 1607 Deus
806 1542 992 1608 excelsus.
1038 1537 1191 1606 Placuit
1222 1559 1313 1625 ergo

108 1649 208 1716 mihi
229 1652 462 1735 praedicare
482 1652 596 1736 signa
618 1653 719 1738 ejus,
743 1654 834 1738 quia
857 1671 989 1738 magna
1012 1655 1120 1732 sunt,
1143 1654 1180 1718 et
1201 1651 1315 1717 mira·

108 1759 211 1828 bilia
234 1760 335 1845 ejus,
365 1762 458 1847 quia
488 1763 614 1829 fortia
641 1767 677 1830 et
704 1783 866 1849 reguum
890 1763 974 1848 ejus
997 1781 1154 1847 regnum
1177 1762 1315 1845 sempi-

108 1875 264 1939 ternum
291 1855 334 1940 'et
364 1877 539 1958 potestas
573 1875 659 1960 ejus
686 1877 726 1941 in
757 1874 1057 1960 generationem
1088 1877 1124 1939 et
1157 1891 1315 1958 genera·

109 1987 269 2052 tionem.
305 1983 372 2065 Sic,
396 1990 432 2052 ut
455 1986 602 2066 diximus,
626 1990 690 2053 tres
713 1987 801 2070 pueri
823 2005 895 2051 cum
917 1987 1001 2051 socio
1024 1985 1164 2069 ipsorum
1186 1984 1315 2051 Daniele

109 2117 164 2166 cor
197 2097 281 2182 regis
312 2096 443 2162 bestiale
473 2097 506 2162 in
534 2096 708 2162 humanum
739 2100 952 2184 permutatum
980 2099 1020 2163 ad
1047 2096 1258 2180 cognitionem
1282 2099 1314 2161 et

110 2209 340 2277 contessionem
369 2208 563 2297 adduxerunt
591 2211 683 2275 unius
713 2214 744 2276 et
771 2209 869 2275 solius
901 2209 965 2274 veri
995 2209 1063 2273 Dei.
1108 2205 1258 2273 Similiter
1281 2209 1313 2271 et

110 2324 294 2389 sanctorum
315 2321 494 2404 Martyrum
522 2322 612 2404 quasi
642 2321 739 2387 trium
765 2340 934 2406 puerorum
956 2339 993 2386 ex
1013 2337 1075 2385 uno
1099 2337 1151 2384 ore
1174 2320 1315 2385 sanctam

110 2432 299 2500 Trinitatem
326 2430 541 2496 confitentium
569 2432 798 2514 perseverantia
828 2433 868 2497 ed
896 2431 956 2498 hoc
985 2428 1126 2515 profecit,
1157 2432 1193 2494 ut
1214 2429 1315 2495 bestia

113 2545 170 2610 illa
196 2540 346 2609 terribilis
376 2542 546 2607 secuudum
572 2543 723 2609 visionem
751 2543 891 2609 Danielis
921 2544 1029 2609 dentes
1058 2540 1175 2607 ferreos
1198 2539 1315 2606 habeus

112 2651 279 2717 comedens
302 2654 334 2717 et
356 2652 569 2720 comminuens
600 2672 636 2720 ac
658 2655 776 2738 reliqua
797 2653 928 2738 pedibus
951 2654 1016 2720 suis
1039 2653 1240 2733 conculcans,
1264 2670 1315 2718 ro·

112 2781 243 2828 manum
261 2761 406 2830 videlicet
419 2765 595 2849 imperium,
617 2765 748 2832 bestiale
762 2783 798 2831 ao
814 2765 951 2832 terribile
964 2764 1129 2846 humanal)
1153 2785 1187 2831 se
1203 2765 1307 2830 mente

110 2875 250 2941 induerit
272 2877 302 2939 et
325 2876 494 2942 Dominum
517 2875 691 2958 majestatis
712 2892 885 2958 agnoscens
919 2893 993 2941 vera
1015 2893 1048 2940 se
1068 2873 1116 2940 illi
1136 2871 1313 2938 humilitate

113 2985 296 3054 subdiderit.

547 3379 657 3446 oap.
677 3376 888 3432 xxxm.

116 3501 261 3570 desectio
295 3500 530 3589 persecutionis
563 3518 623 3589 por
655 3500 813 3568 Romanos
847 3499 1013 3588 principos
1036 3497 1070 3566 ct
1091 3515 1189 3584 rogos
1222 3497 1318 3581 baby-

116 3612 240 3682 lonicos
263 3613 402 3702 itemquo
424 3613 561 3683 meliora
586 3612 720 3682 decreta
748 3613 825 3682 hinc
848 3611 925 3681 inde
948 3611 1072 3680 statuta
1093 3610 1318 3680 conferuntur.

219 3802 309 3884 Quod
330 3819 402 3868 vero
425 3802 548 3868 decreto
564 3803 628 3866 stat
652 3801 684 3881 't,
708 3803 745 3866 ut
767 3802 794 3867 si
814 3800 882 3884 quis
897 3801 1077 3884 loqueretar
1092 3796 1320 3882 blasphemiam

118 3920 227 3980 contra
248 3913 352 3978 Deum
374 3911 513 3992 sidrach,
546 3911 670 3979 Misach
699 3915 730 3978 et
758 3911 931 3996 Abdenago
964 3910 1128 3995 disperiret
1155 3913 1187 3976 et
1208 3910 1320 3976 domus

119 4023 185 4108 ojns
208 4025 395 4103 vastaretur,
415 4025 508 4108 typus
531 4022 634 4088 extitit
656 4041 711 4106 per
728 4022 797 4106 jam
819 4023 919 4088 dictos
936 4023 1094 4088 Romanos
1116 4021 1318 4104 imperatores

118 4133 250 4200 meliora
275 4133 431 4218 prioribus
458 4153 514 4220 pro
543 4135 673 4202 ecclesia
701 4136 761 4202 Dei
787 4136 910 4201 decreta
941 4141 1009 4203 osso
1040 4133 1216 4202 statuenda.
1260 4133 1321 4201 Sed

119 4245 213 4332 hujus
234 4245 280 4312 rei
301 4246 334 4312 in
356 4246 617 4333 subsequentibus
646 4249 750 4333 reguis
774 4251 805 4314 et
827 4246 953 4332 regibus
975 4250 1068 4332 typus
1091 4246 1203 4314 clarior
1226 4244 1317 4312 offul-

223 4512 242 4579 ¹)
263 4513 319 4568 cod.
338 4513 473 4568 humanas.
