3158 5212
245 409 288 473 30

243 582 348 642 torum
367 573 456 658 quasi
479 572 640 658 quasdam,
673 569 770 632 immo
794 587 873 648 vere,
912 566 1090 652 spirituales
1128 563 1336 631 dimensiones
1359 562 1448 626 tenes

243 704 317 752 nam
340 684 422 768 quod
455 702 509 766 spe
531 681 668 767 gaudent
690 678 864 744 altitudinis
887 680 945 761 est,
984 677 1066 761 quod
1087 676 1120 741 in
1142 673 1344 740 tribnetions
1365 674 1449 757 pati-

241 801 328 864 entes
360 793 576 879 longitudinis,
611 790 692 876 quod
725 786 964 856 necessitatibus
998 789 1180 854 sanctornm
1213 785 1448 854 communicant

241 906 416 975 latitudinis
439 911 506 983 est3
540 903 693 970 charitate
715 919 849 984 namque
870 899 910 964 ad
933 897 1109 982 proximum
1132 899 1217 963 tondi
1240 897 1446 982 spiritualiter

242 1017 367 1084 dilatari
389 1020 448 1082 est.
470 1013 648 1100 Longitndo
673 1031 744 1078 vero
767 1011 879 1076 domus
901 1028 957 1095 pro
979 1007 1100 1074 foribus
1113 1009 1230 1075 oraculi
1242 1008 1448 1094 quadraginta

243 1127 419 1196 subitorum
450 1125 572 1206 extitit,
607 1143 666 1209 quo
700 1123 850 1188 nimirum
883 1141 1012 1189 numero
1042 1122 1203 1206 passiones
1236 1121 1331 1205 thus
1363 1120 1448 1187 vitae

243 1239 458 1325 significantur
491 1236 524 1301 in
557 1253 616 1320 qua
650 1233 780 1300 ecclesia
812 1252 867 1317 pro
892 1232 1010 1300 Christi
1042 1233 1103 1299 lide
1126 1230 1392 1318 persecutionibus
1415 1233 1448 1296 et

242 1347 439 1435 passionibus
472 1346 633 1412 atterenda
667 1347 726 1426 est,
760 1364 821 1429 qno
845 1345 989 1412 videlicet
1021 1349 1216 1413 sacramento
1254 1346 1380 1428 Moyses
1415 1344 1448 1408 et

242 1461 326 1527 illias
348 1478 404 1545 pro
427 1457 492 1524 suis
525 1456 642 1542 pariter
664 1457 697 1522 et
718 1455 825 1540 populi
846 1455 1011 1544 peceatis1)
1046 1457 1252 1542 quadraginta
1274 1454 1382 1522 diebus
1405 1451 1447 1518 ab

245 1570 330 1638 omni
353 1568 421 1636 cibo
444 1567 671 1634 abstinuerunt.
716 1568 788 1651 Ipse
812 1585 934 1653 quoque
955 1568 1111 1636 Dominus
1140 1569 1218 1634 item
1242 1566 1447 1653 quadraginta

243 1682 363 1748 dierum
383 1678 501 1764 jejunio
523 1677 683 1744 abstinens
705 1696 761 1762 pro
777 1678 893 1745 nostris
908 1679 1126 1764 iniquitatibus
1140 1679 1229 1765 quasi
1240 1675 1448 1764 quadraginta

242 1791 343 1878 plagis
375 1790 528 1875 legalibus
563 1789 730 1873 vapulavit.
775 1791 856 1874 Quia
877 1791 960 1857 enim
991 1794 1126 1859 mundus
1159 1812 1196 1858 es
1229 1794 1362 1877 quatuor
1384 1789 1448 1856 ele·

243 1903 358 1969 mentis
392 1901 538 1969 subsistit
570 1904 602 1966 et
624 1905 758 1985 quatuor
779 1902 917 1969 decurrit
949 1903 1152 1989 temporibus,
1185 1903 1274 1990 eujus
1307 1919 1449 1968 amorem

244 2012 415 2081 conditoris
437 2013 538 2080 amori
548 2011 574 2098 2)
611 2011 835 2098 praehabentes
869 2015 1053 2098 decalogum
1072 2014 1151 2100 legis
1174 2014 1358 2080 violavimus
1376 2013 1449 2098 jure

244 2129 353 2210 qnater
387 2126 489 2194 decies
516 2126 702 2210 vapulamus
734 2123 756 2190 i.
780 2143 804 2190 6.
828 2125 1012 2208 patientiam
1044 2130 1169 2191 nostrae
1201 2123 1449 2211 longanimitatis

243 2254 299 2320 per
320 2237 423 2302 omnia
446 2237 618 2323 praesentis
631 2235 715 2302 vitae
729 2239 923 2302 tentamenta
946 2238 1152 2317 extendimus,
1164 2237 1342 2304 affirmante
1362 2233 1453 2300 nimi-

242 2368 314 2414 rum
337 2350 497 2434 apostolo:
542 2348 736 2433 quoniam
762 2366 837 2414 non
860 2353 958 2416 runt
979 2349 1202 2436 condignae
1222 2348 1449 2434 passiones

243 2460 362 2544 hujus
410 2462 603 2547 temporis
651 2462 697 2526 ad
734 2467 1085 2547 superventuram
1118 2462 1310 2546 gloriam,
1350 2476 1453 2545 quae

243 2572 501 2639 revelabitur
522 2573 562 2638 in
583 2574 741 2655 nobis.³)
785 2576 842 2643 Oui
865 2576 1015 2662 mysterio
1039 2578 1071 2642 et
1091 2574 1169 2640 illud
1191 2570 1335 2652 concinit,
1369 2568 1453 2654 quod

243 2684 311 2747 tota
335 2683 446 2766 templi
466 2683 630 2770 longitudo
650 2685 810 2770 sexaginta
830 2686 1011 2753 cubitorum
1034 2684 1229 2753 tendebatur.
1264 2685 1344 2768 Quia
1366 2679 1452 2748 enim

242 2794 336 2859 homo
360 2797 446 2861 sexto
470 2796 519 2862 die
542 2797 685 2863 conditus
709 2800 758 2864 est
779 2797 900 2883 totique
923 2796 1094 2864 visibilium
1108 2799 1268 2864 creaturae
1282 2795 1451 2882 praelatus,

244 2907 299 2991 qui
331 2909 363 2972 et
395 2907 462 2991 ipse
496 2910 595 2974 amori
628 2910 776 2976 creatoris
800 2929 834 2978 se
856 2911 961 2996 ipsum
995 2909 1181 2993 praehabuit
1212 2909 1370 2992 nimioque
1402 2906 1453 2973 sui

247 3035 356 3084 amore
380 3021 532 3086 naturalis
555 3022 634 3106 legis
664 3021 696 3085 in
727 3041 760 3087 se
783 3022 965 3108 decalogum
988 3021 1127 3105 eorrupit
1144 3021 1216 3106 jure
1239 3021 1333 3086 etiam
1355 3017 1455 3102 longi-

243 3130 318 3196 tudo
341 3131 510 3214 patientiae
541 3131 608 3216 ejus
631 3133 729 3199 sexies
752 3133 878 3199 denaria
900 3152 968 3199 esse
990 3133 1092 3214 debet,
1126 3136 1171 3212 ut,
1195 3132 1343 3217 quicquid
1365 3148 1452 3195 crea·

241 3244 313 3307 tura
335 3263 388 3309 sex
409 3242 518 3310 diebus
541 3245 665 3310 condita
688 3246 808 3311 homini
824 3247 1090 3312 tentamentorum
1102 3244 1216 3310 inferre
1229 3244 1322 3323 valet,
1346 3241 1451 3305 omnia

242 3373 297 3438 pro
321 3353 444 3423 Christo
467 3360 499 3421 et
520 3357 588 3442 lege
607 3358 706 3441 ipsius
729 3359 810 3423 ferre
833 3361 961 3443 paratus
985 3357 1037 3424 sit.
1060 3356 1177 3422 Divisit
1198 3358 1307 3420 autem
1322 3351 1451 3420 Domini

241 3465 341 3549 pietas
374 3466 443 3550 ipsa
465 3471 574 3533 contra
597 3469 761 3535 ecelesiam
794 3471 988 3535 tentamenta
1022 3468 1182 3552 surgentia
1216 3465 1297 3531 sicut
1330 3463 1450 3527 dietum

243 3578 353 3642 estad
375 3577 459 3644 Job:
494 3580 707 3646 Dividitur
741 3585 877 3648 aestus
907 3601 1033 3665 snper
1069 3578 1272 3664 terram‚⁴)
1301 3579 1339 3642 ut
1373 3593 1450 3640 cum

243 3689 348 3755 omnia
385 3693 650 3759 tentamentomm
687 3714 801 3780 genera
836 3715 1016 3779 percurrere
1051 3693 1166 3758 habeat
1201 3691 1385 3771 nullumque
1423 3683 1453 3748 ei

245 3803 370 3885 tempus
392 3821 411 3866 a
433 3805 635 3872 tentamentis
657 3806 792 3873 hbemm
814 3810 963 3887 transeat,
986 3823 1057 3873 raro
1080 3808 1185 3871 tamen
1207 3803 1256 3868 vel
1278 3813 1452 3881 numquam

247 3915 359 3979 eontra
392 3932 470 3996 eam,
504 3916 566 3982 nisi
600 3917 681 3984 forte
702 3917 735 3983 in
757 3919 871 3984 ultima
905 3916 1082 3984 antichristi
1112 3913 1326 4000 perseeutione
1357 3907 1453 3974 simul

245 4023 391 4091 universa
423 4032 631 4114 consurgant.
675 4028 735 4097 Sed
768 4030 919 4096 breviavit
951 4028 1106 4096 Dominus
1147 4025 1243 4092 etiam
1272 4023 1337 4090 dies
1369 4021 1451 4086 illos.

347 4218 367 4290 1)
389 4221 446 4274 cod.
466 4222 576 4286 peceati.

346 4318 366 4390 ²)
385 4319 441 4372 cod.
462 4335 581 4376 amorem.

345 4417 367 4490 8)
386 4419 457 4472 Rom.
477 4419 503 4474 8.
523 4419 566 4475 18.

345 4517 367 4593 ⁴)
387 4517 446 4578 tob.
465 4517 510 4576 38.
529 4517 574 4576 24.
