3168 5214
184 401 247 468 326

182 573 243 638 iliis
266 573 408 654 theoriis,
433 590 512 657 quae
534 574 582 639 vel
606 572 637 636 in
660 569 824 638 affectibus
848 571 897 636 vel
918 571 952 635 in
975 571 1119 639 sensibus
1141 571 1335 657 peraguntur
1356 568 1397 632 in

181 685 325 770 paradiso
359 703 394 750 ex
427 703 463 750 eo
497 683 740 766 praecellentior,
765 683 847 766 quod
880 683 953 748 illae
975 684 1103 766 propter
1123 682 1219 746 istam
1255 679 1335 745 fiunt
1356 683 1398 744 et

185 797 274 880 quasi
294 795 508 880 praecursoria
542 795 631 878 sigua
653 795 718 859 sive
740 795 834 858 etiam
857 809 969 858 causae
992 792 1162 859 efficientes
1184 791 1398 877 praecedunt:

183 908 259 971 haec
283 925 355 972 vero
379 907 519 987 theoria,
555 923 632 991 quae
664 906 696 969 in
729 905 889 971 intellectu
920 903 957 970 fit
976 904 1076 990 ipsius
1100 903 1241 969 veritatis
1262 902 1321 966 hac
1340 919 1398 966 sa·

184 1019 321 1102 pientiae
354 1019 512 1084 creatricis
541 1019 725 1102 praosentia,
768 1017 838 1082 illas
871 1016 1101 1101 praecedentes,
1135 1017 1246 1099 utpote
1264 1015 1397 1078 illamm

184 1129 323 1209 effectus,
337 1128 547 1215 subsequitur.
569 1131 610 1196 llt
633 1149 689 1213 per
714 1129 785 1194 illas
809 1128 934 1212 quidem
947 1127 1158 1212 paradisiacas
1173 1125 1399 1209 praecedentes

182 1242 263 1308 sicut
285 1239 359 1306 olim
381 1241 413 1305 in
435 1242 595 1327 prophetis
625 1239 831 1306 multifariam
847 1239 1019 1322 multisque
1033 1236 1135 1303 modis
1150 1235 1292 1320 loquitur
1305 1237 1398 1302 Deus

180 1352 311 1418 heoricis
345 1350 509 1417 animabus
547 1355 579 1416 et
601 1347 766 1415 affectibus
790 1365 841 1428 ca,
876 1366 953 1432 quae
990 1349 1162 1414 secundum
1186 1347 1291 1430 ipsum
1314 1349 1395 1412 sunt

180 1464 357 1544 insinuans,
381 1484 437 1548 per
462 1463 541 1528 hanc
563 1480 636 1528 uero
659 1461 826 1526 coelestem
847 1457 1051 1524 novissimam
1073 1461 1235 1542 tamquam
1257 1459 1289 1522 in
1312 1457 1398 1522 Filio

182 1595 237 1641 suo
259 1576 405 1658 loquente
430 1575 497 1641 Deo
521 1575 636 1641 veritas
658 1573 742 1637 Deus
766 1571 966 1655 semetipsam
1003 1569 1160 1636 montibus
1183 1573 1215 1636 et
1234 1568 1402 1634 intellecti·

180 1685 239 1751 bus
263 1685 407 1750 theoricis
444 1687 527 1752 sicut
565 1689 614 1752 est
635 1683 815 1749 immediate
836 1681 982 1748 infundit.
1028 1683 1069 1748 lu
1102 1683 1205 1748 solent
1235 1682 1399 1748 interdum

181 1797 375 1863 extollentiae
395 1798 482 1863 nasci
511 1799 552 1863 de
576 1796 638 1862 illis
661 1794 833 1861 visionibus
855 1793 1067 1880 paradisiacis,
1090 1810 1171 1876 quae
1193 1792 1226 1857 in
1249 1791 1398 1858 sensibus

181 1909 231 1973 uel
252 1905 442 1990 imaginibus
471 1907 619 1973 theoricis
642 1905 833 1986 exhibentur,
856 1905 901 1970 ita
922 1908 958 1970 ut
980 1903 1053 1969 talis
1068 1903 1172 1968 anima
1186 1902 1400 1988 increpatione

184 2019 290 2102 sponsi
327 2017 423 2101 digna
469 2018 624 2083 interdum
656 2017 698 2081 sit
720 2016 851 2081 dicentis
874 2016 918 2082 ei:
937 2015 1019 2080 nisi
1041 2014 1284 2100 cognoveris
1306 2017 1353 2094 tc,
1377 2032 1398 2078 o

182 2129 348 2214 pulchra
370 2129 454 2194 inte
474 2148 489 2192 r
511 2127 713 2208 mulieres,
736 2127 924 2212 egredere
952 2130 990 2192 et
1011 2125 1074 2192 abi
1095 2129 1189 2210 post
1214 2125 1399 2209 vestigia

183 2243 380 2324 gregum1)
403 2243 462 2306 etc.
492 2240 546 2304 sed
569 2238 629 2304 hoc
650 2239 683 2304 in
704 2239 858 2322 praesenti
881 2240 1042 2304 dumtaxat
1062 2238 1136 2314 rita.
1181 2237 1226 2303 At
1248 2255 1320 2302 vcro
1341 2235 1399 2301 illa

182 2352 270 2432 risio,
294 2369 372 2436 quae
414 2351 482 2434 jam
515 2368 577 2415 non
599 2369 654 2433 per
675 2349 839 2433 imagines,
864 2351 918 2415 sed
939 2369 995 2434 per
1016 2349 1156 2415 veritatis
1190 2347 1400 2433 praesentiam

183 2459 352 2544 exhibetur,
380 2480 443 2527 non
466 2462 611 2527 extollere
634 2462 713 2526 solet
733 2480 795 2541 cor,
808 2460 864 2527 sed
885 2461 1049 2527 humiliare
1067 2461 1158 2545 juxta
1178 2461 1271 2525 illud:
1297 2459 1398 2543 Gog-

183 2573 275 2638 ncri
304 2573 480 2654 Domino,
506 2577 598 2658 qnia
620 2573 807 2657 aequitas
827 2573 980 2659 judicia
1013 2577 1080 2638 tua
1102 2575 1142 2637 et
1163 2571 1202 2637 in
1223 2570 1399 2635 veritate

185 2689 256 2750 tua
281 2685 513 2752 humiliasti
535 2685 641 2770 me,²)
663 2686 708 2751 ita
729 2688 765 2750 ut
788 2685 860 2750 talis
875 2685 979 2750 anima
993 2685 1080 2752 mitis
1096 2690 1128 2752 et
1141 2683 1269 2751 humilis
1286 2681 1398 2747 effecta

183 2815 219 2860 ex
241 2797 395 2862 sententia
437 2797 538 2862 dicore
570 2798 690 2862 valeat:
724 2796 908 2862 incurvatus
928 2815 1000 2862 snm
1022 2795 1287 2881 usquequaque.¹)
1310 2795 1394 2859 Dum

187 2909 271 2972 enim
292 2908 434 2994 propriae
458 2908 649 2974 infirmitatis
671 2911 703 2973 et
726 2908 920 2994 ignorantiae
945 2907 1064 2991 Deique
1086 2907 1206 2991 gratiae
1228 2910 1259 2971 et
1280 2905 1396 2971 uerita·

183 3023 223 3087 tis
246 3023 278 3086 in
300 3041 334 3087 se
364 3021 519 3105 operantis
541 3022 665 3104 plenam
688 3020 899 3105 cognitionem
919 3018 1110 3104 perceperit,
1135 3017 1208 3102 quid
1230 3015 1315 3080 aliud
1336 3015 1397 3081 nisi

182 3133 339 3200 humiliari
368 3134 405 3198 de
428 3152 462 3199 se
483 3135 649 3217 totumque
669 3131 702 3196 id
725 3131 806 3214 quod
822 3134 870 3198 est
891 3131 1011 3215 gratiae
1033 3129 1092 3195 Dei
1114 3127 1250 3194 tribuere
1273 3126 1393 3194 didicit.

652 3523 763 3590 Gap.
782 3520 923 3577 Lxx.

190 3647 346 3740 ltxempla
372 3647 412 3717 dc
438 3647 640 3718 theoricum
673 3645 864 3716 differentia
894 3645 930 3713 iu
959 3642 1065 3729 Moyse
1097 3643 1131 3714 ct
1158 3643 1270 3712 Aaron
1300 3641 1397 3730 atquc

735 3757 847 3828 biania

289 3947 376 4012 Haec
409 3945 600 4012 theoriarum
633 3945 824 4027 differentia,
862 3949 898 4012 ut
934 3946 1093 4012 aestimari
1126 3963 1189 4009 non
1220 3943 1396 4026 incongrue

190 4057 306 4143 potest,
330 4056 405 4121 olim
423 4057 456 4120 in
477 4055 578 4122 tribus
600 4055 663 4122 illis
679 4054 842 4140 prophetis
858 4056 978 4141 Moyse,
1002 4055 1108 4120 Aaron
1124 4056 1156 4120 et
1170 4051 1272 4118 Maria
1294 4067 1398 4115 erem·

187 4169 273 4252 plata
293 4170 350 4232 est.
384 4167 508 4234 'liteuim
530 4166 637 4233 Aaron
659 4171 690 4232 et
713 4164 821 4246 Maria,
840 4165 1034 4251 propheticis
1059 4162 1187 4230 somniis
1211 4165 1243 4228 et
1264 4159 1393 4226 risioni·

187 4278 245 4343 bus
269 4277 381 4343 eruditi
403 4295 439 4342 ac
460 4295 515 4360 per
535 4277 595 4344 hoc
617 4278 649 4342 in
671 4276 829 4361 quandam
851 4277 1063 4344 extollentiam
1085 4273 1166 4356 elati,
1190 4273 1266 4338 dum
1288 4271 1393 4336 detra·

292 4483 313 4553 ¹)
331 4487 404 4540 Cant.
427 4484 450 4538 1.
471 4482 494 4541 l,
518 4513 547 4522 -
571 4481 591 4551 ²)
611 4483 653 4539 Ps.
674 4483 735 4538 118.
756 4481 800 4537 75.
840 4481 1089 4552 ³)Ps.118.107.
1118 4481 1197 4546 vulg.
1228 4477 1388 4530 humiliatus.
