3158 5212
246 377 288 445 56

247 549 339 616 mites
368 568 441 616 suos
475 548 546 614 inde
574 547 641 633 jam
674 546 737 611 late
770 544 915 626 extendit,
952 543 1105 610 bonorum
1128 543 1268 611 cordium
1289 544 1389 632 glebis
1410 545 1443 612 id

244 662 336 727 facile
356 679 392 728 11
409 660 541 727 libenter
562 657 791 743 recipientibus,
815 658 898 742 quod
919 655 1064 741 primitus
1086 654 1126 720 ab
1146 655 1215 739 ipse
1236 657 1360 724 dextera
1380 659 1444 725 Do·

246 772 323 838 mini
344 770 539 855 inpropriae
561 767 699 835 coloniae
720 768 820 852 agello
842 769 1018 853 plantutum
1041 767 1094 833 sit.
1117 766 1296 834 Persecutio
1321 789 1444 855 quoque

247 883 320 949 huic
340 881 421 947 bono
445 881 608 964 cooperata
630 883 687 945 est.
720 878 804 945 Nam
828 881 903 944 dum
924 896 943 943 1
965 877 1144 944 civitatibus
1166 879 1308 946 meliores
1331 880 1444 962 clerici,

248 1013 283 1060 eo
307 995 390 1079 quod
411 991 676 1058 excommunicato
702 991 841 1076 'principi
871 990 999 1075 ejusque
1020 988 1196 1054 fautoribus
1219 992 1251 1054 et
1272 992 1445 1057 communi·
1554 1005 1557 1012 ⁴

247 1103 405 1172 catonibus
435 1120 525 1168 suam
548 1101 768 1168 subtraherent
790 1101 1050 1180 communionem,
1086 1101 1282 1184 pellerentur,
1303 1101 1337 1166 in
1359 1103 1444 1170 silvis

247 1218 279 1281 et
300 1210 486 1280 suburbanis
508 1211 617 1297 agellis
641 1209 853 1276 cohabitantes
876 1209 930 1276 ubi
952 1228 1015 1291 eos,
1039 1210 1150 1295 quibus
1166 1213 1251 1278 Deus
1273 1212 1444 1297 inspiravit,

248 1325 354 1390 fideles
377 1341 413 1390 11
435 1325 576 1408 potentes
601 1322 726 1406 quidam
748 1323 842 1388 tutati
858 1323 941 1403 sunt,
964 1340 1001 1388 ea
1015 1326 1182 1406 coeperunt
1203 1324 1444 1392 conversationis

247 1453 356 1500 norma
371 1435 491 1519 degere,
513 1432 749 1518 quemchristo,
772 1451 828 1518 pro
852 1452 912 1518 quo
935 1436 967 1499 ot
980 1432 1226 1517 persecutionem
1241 1434 1444 1517 sustinebant,

248 1547 381 1612 manime
396 1546 614 1630 complacitam
632 1545 841 1630 agnovissent.
865 1544 976 1630 stoque
997 1545 1030 1610 in
1053 1546 1134 1611 clero
1157 1548 1189 1612 et
1209 1545 1243 1612 in
1257 1548 1446 1616 monachatu

249 1659 437 1742 apostolicae
469 1657 674 1722 institutionis
697 1658 770 1738 vita,
807 1675 885 1743 quae
916 1657 1016 1742 primo
1048 1658 1082 1722 in
1104 1658 1234 1724 desertis
1256 1678 1293 1726 ao
1321 1660 1445 1727 silvosis

248 1769 324 1835 locis
346 1769 474 1835 reviruit
494 1768 645 1853 paulatim
668 1770 763 1834 etiem
784 1769 912 1854 antiqua
926 1772 958 1835 11
976 1768 1153 1835 suburbana
1168 1769 1316 1837 coenobia
1338 1770 1447 1837 revisit

249 1879 354 1964 ejectis
377 1880 448 1945 inde
468 1880 560 1946 malis
584 1882 701 1947 colonis
724 1882 773 1947 vel
787 1881 1166 1962 inmeliuscommntatis,
1190 1881 1272 1948 siout
1295 1883 1447 1968 scriptum

249 1995 310 2058 est:
332 1993 603 2076 pinguescent
625 1993 808 2076 speciosa
830 1993 1295 2060 desertiotexultatione
1311 1994 1446 2060 colles

249 2103 546 2190 accingentur.¹)
569 2103 641 2169 Alia
663 2121 787 2187 quoque
809 2105 963 2189 scriptura
985 2106 1076 2172 dicit:
1098 2105 1147 2172 nt
1169 2105 1323 2173 vineam
1345 2123 1447 2172 suam

249 2215 404 2282 locabit
426 2218 519 2284 aliis
542 2214 786 2302 agricolisl)

349 2328 466 2394 Eodem
481 2326 506 2415 8)
540 2346 661 2413 qnoque
693 2330 833 2412 tempore
865 2342 999 2394 canones
1032 2327 1153 2412 antiqui
1186 2329 1225 2393 de
1258 2325 1448 2393 continentia

249 2437 465 2505 ministrorum
498 2439 578 2506 seori
611 2438 716 2504 alteris
753 2438 893 2505 innovari
925 2438 1014 2505 novis
1036 2437 1255 2506 accedentibus
1275 2437 1447 2522 praeceptis
1570 2469 1571 2488 1

249 2555 429 2634 coeperunt;
452 2550 590 2636 alioquin
611 2549 838 2617 incontinenter
859 2549 1040 2632 viventium,
1063 2549 1304 2616 simoniacorum
1327 2567 1449 2633 quoque

250 2663 282 2726 et
304 2663 563 2730 conductitiorum
585 2662 698 2728 missas
723 2662 829 2728 audire
850 2664 963 2746 populo
985 2661 1197 2728 indubitanter
1219 2657 1449 2745 soientiprohi·
1569 2677 1570 2688 ²

250 2769 352 2838 bitum
374 2777 431 2853 est,
453 2774 554 2841 tribus
576 2774 625 2840 his
637 2772 785 2838 Romanis
797 2771 1000 2839 Pontificibus
1023 2771 1162 2853 Nicolao,
1185 2770 1335 2856 Gregorio
1357 2774 1450 2855 atque
1568 2843 1569 2881 ,

250 2882 323 2963 isto,
347 2885 385 2950 de
408 2902 467 2968 quo
489 2883 657 2969 loquimur,
672 2883 798 2951 Urbano
822 2885 929 2950 eadem
951 2883 1121 2950 successim
1144 2882 1234 2967 quasi
1255 2902 1291 2949 er
1312 2902 1374 2949 uno
1397 2902 1449 2949 ore

251 2995 497 3062 contestantibus
519 2998 612 3081 atque
634 2996 904 3080 praecipientibus,
940 2999 1091 3081 quatenus
1114 2995 1148 3061 in
1170 3014 1223 3061 ore
1245 2994 1379 3060 duorum
1400 2993 1450 3060 vel
1567 3015 1568 3031 ¹

251 3107 348 3172 trium
370 3107 499 3174 testium
527 3111 625 3175 staret
646 3107 784 3174 verbum.

767 3491 934 3549 xxm

615 3615 799 3704 Rudpertns
821 3615 940 3705 Papam
961 3615 1091 3686 liberat.

351 3797 392 3864 Et
422 3797 548 3866 Urbano
559 3797 586 3886 ⁴)
620 3801 743 3885 quidem
764 3803 904 3888 contigit,
940 3806 976 3869 nt
1003 3804 1036 3869 11
1056 3821 1167 3870 manus
1200 3805 1449 3872 adversariorum
1561 3825 1562 3840 ¹

252 3908 463 3976 fraudulenter
495 3911 647 3980 adductus
669 3913 701 3978 in
722 3931 785 3979 una
817 3913 952 3981 turrium
983 3913 1069 3981 urbis
1101 3913 1220 3982 Romae
1256 3915 1448 4000 aliquamdiu

355 4121 557 4192 bffiffiffi

354 4223 374 4289 ¹)
392 4223 475 4278 nuath.
495 4223 538 4277 21.
557 4222 603 4279 41.

354 4319 375 4389 8)
394 4321 453 4374 1111
473 4325 549 4376 etiem
568 4320 661 4380 011111.
681 4322 877 4389 Rolohorsberg.
897 4322 931 4376 ad
950 4339 1043 4378 annum
1062 4325 1142 4382 1098.

353 4418 375 4490 ⁴)
394 4421 449 4473 eod.
468 4421 596 4476 Urbanus.
615 4423 675 4476 vids
691 4423 761 4477 idem
779 4420 871 4479 Chron.
892 4423 1042 4482 Reiolnersb.
1062 4424 1228 4496 11111091,
1246 4426 1293 4480 ubi
1311 4427 1377 4481 haee
1394 4429 1451 4495 ipsa
1557 4415 1558 4420 ἵ

398 4512 525 4567 11111111
544 4513 632 4569 verbo.
