3168 5214
266 378 331 446 336

264 569 342 634 opus
365 549 495 633 operari.
539 548 583 615 At
603 568 675 615 uero
697 549 822 616 mulieri
854 547 1017 634 ejusmodi,
1040 551 1078 616 de
1100 568 1161 633 qua
1182 568 1265 618 nunc
1297 554 1478 638 anagogice

269 679 370 727 sermo
395 664 452 740 est,
475 661 560 745 loqui
588 679 651 726 nou
679 661 872 744 permittitur
894 662 926 726 in
949 661 1088 741 eeclesia,
1125 681 1161 727 eo
1196 663 1279 746 quod
1312 667 1476 730 secretum

265 792 357 838 suum
378 772 522 840 videlicet
543 772 675 856 qualiter
693 772 846 856 acceperit
868 771 928 838 sibi
949 790 1018 838 esse
1038 771 1160 838 debeat.
1192 773 1262 838 Hae
1284 776 1361 840 suut
1383 774 1474 840 enim

264 900 373 967 aquae,
399 902 475 968 quas
497 881 611 948 habere
634 883 692 949 soll
714 881 863 949 debemus
885 901 942 948 nec
963 883 1080 948 alienos
1103 883 1270 969 participes
1293 885 1477 952 admittere.

263 992 376 1079 Ipsum
398 1014 470 1061 vero
493 995 610 1060 donum
632 997 797 1079 acceptum
818 991 920 1060 fontes
943 996 1018 1060 suut
1039 995 1124 1061 foras
1140 995 1301 1063 derivandi
1317 1013 1478 1081 aquarum

263 1105 296 1169 in
318 1105 430 1189 plateis
454 1105 494 1170 ad
516 1105 686 1172 utilitatem
713 1105 847 1170 aliorum
869 1123 968 1189 aquae
990 1105 1180 1173 dividendae.

700 1493 810 1563 cap.
830 1494 1032 1551 Lxxvn.
1131 1525 1134 1530 -

263 1619 427 1687 Geminam
446 1619 606 1688 theoriam
628 1619 660 1688 io
681 1637 785 1705 regno
807 1618 951 1687 fructum
972 1636 1044 1686 esse
1059 1617 1286 1686 communicati
1301 1619 1337 1687 in
1353 1618 1473 1688 Sacra·

525 1729 632 1798 mento
654 1729 800 1818 corporis
823 1730 857 1799 et
878 1729 1049 1816 sanguinis
1070 1729 1207 1799 Domini.

364 1917 405 1982 Et
437 1917 562 2001 quidem
596 1917 823 2003 discipulorum
845 1916 972 1982 Domini
1006 1920 1247 2002 sanctarumque
1278 1917 1475 1984 feminarum

264 2031 301 2096 de
323 2034 424 2095 morte
446 2029 572 2094 Domini
592 2028 730 2108 tristitia,
753 2045 833 2112 quae
855 2029 964 2093 matris
987 2046 1024 2094 ao
1035 2028 1191 2114 discipuli,
1208 2048 1300 2113 quem
1316 2029 1475 2115 diligebat

263 2142 285 2209 J
288 2161 368 2221 esus,
382 2140 525 2206 crucifixo
548 2140 739 2205 adstantium
761 2140 881 2204 animae
905 2141 1025 2206 validus
1047 2141 1237 2225 pertransiit,
1251 2141 1317 2208 viso
1340 2159 1378 2206 ac
1399 2143 1473 2226 pal-

264 2257 337 2336 pato
359 2254 541 2335 resurgente
574 2249 708 2316 Domino
730 2249 764 2314 in
781 2251 931 2334 gandium
952 2269 1042 2317 versa
1064 2257 1122 2332 est,
1159 2256 1191 2318 et
1227 2252 1273 2318 sic
1305 2253 1473 2319 universae

265 2363 411 2430 eeclesiae
439 2362 576 2428 virorum
598 2378 634 2426 ao
656 2360 822 2426 mulierum
852 2361 998 2426 salutaris
1023 2362 1060 2427 de
1083 2367 1184 2428 morte
1205 2359 1345 2445 Domini,
1370 2381 1468 2448 quam

263 2474 479 2562 propeccatis
512 2472 628 2538 uostris
662 2472 766 2551 subiit,
802 2472 932 2538 tristitia
952 2492 1007 2555 per
1030 2473 1107 2538 duas
1126 2473 1183 2540 has
1206 2473 1342 2540 theorias
1376 2476 1471 2559 quasi

263 2589 390 2673 palpato
422 2603 459 2652 ac
492 2585 559 2650 uiso
592 2584 624 2648 in
646 2583 814 2648 universali
847 2583 1072 2649 resurrectione
1094 2584 1227 2650 Domino
1259 2584 1357 2650 immo
1390 2588 1469 2651 tunc

264 2720 336 2766 vere
356 2699 481 2782 palpato
504 2713 540 2761 ac
562 2694 628 2760 uiso
651 2693 785 2759 Domino
808 2693 840 2758 in
862 2694 1013 2776 gaudium
1035 2696 1240 2775 convertetur,
1264 2695 1420 2779 siquidem
1436 2699 1469 2761 et

265 2809 394 2878 ecclesia
415 2827 472 2893 per
493 2808 666 2872 multorum
687 2805 810 2869 milium
840 2809 907 2869 tam
929 2805 1095 2871 mulierum
1118 2823 1212 2888 quam
1232 2805 1374 2872 uirorum
1393 2824 1469 2890 pas·

265 2925 367 2990 aiones
389 2939 446 3007 pro
470 2918 593 2984 Christo
616 2920 776 3000 susceptas
799 2917 944 2982 simulet
965 2937 1020 3000 per
1042 2921 1309 2984 sacramentorum
1332 2916 1469 2983 domini·

266 3052 375 3102 corum
407 3029 639 3114 perceptionem
674 3029 820 3094 tristitiae
853 3028 1078 3113 discipulorum
1107 3046 1144 3094 ao
1173 3028 1396 3112 discipularum
1429 3030 1468 3096 de

265 3148 366 3211 morte
389 3140 505 3210 Christi
526 3140 678 3205 veraciter
700 3140 931 3205 communicans
953 3139 1047 3206 etiam
1070 3139 1290 3206 consolationis
1313 3143 1345 3206 et
1359 3141 1468 3225 gaudii

266 3275 392 3324 consors
415 3252 563 3319 ueraciter
586 3250 747 3318 efficietur.
772 3250 843 3317 Sive
866 3252 948 3317 enim
970 3251 1119 3334 baptismi
1141 3252 1300 3317 lavacrum
1316 3252 1382 3317 sive
1396 3270 1469 3317 cor·

265 3368 349 3452 poris
373 3369 405 3430 et
426 3363 586 3448 sangrunie
610 3362 756 3428 dominici
779 3366 1009 3428 sacramentum
1031 3364 1198 3446 utrumque
1212 3361 1303 3428 nobis
1317 3363 1351 3427 in
1365 3367 1469 3429 morte

266 3479 391 3545 Domini
414 3476 572 3542 conditum
595 3480 651 3554 est,
675 3475 822 3540 nimirum
854 3477 1004 3560 sanguine
1034 3479 1064 3540 et
1085 3493 1166 3558 aqua
1187 3475 1225 3540 de
1246 3475 1345 3540 latere
1364 3473 1467 3557 ipsius

264 3591 405 3654 lanceato
429 3587 518 3653 uobis
539 3587 572 3651 in
587 3588 724 3671 pretium
747 3587 886 3653 simulet
902 3587 1059 3652 lavacrum
1080 3584 1308 3671 profluentibus
1331 3583 1466 3670 ipsaque

265 3703 355 3765 nocte
376 3699 439 3770 illa,
473 3715 536 3781 qua
568 3698 736 3781 capiendus
771 3701 847 3781 erat,
882 3698 1002 3763 dicente
1032 3698 1170 3780 de'pane
1191 3697 1223 3762 in
1245 3715 1356 3763 manus
1391 3714 1465 3763 suas

266 3809 456 3876 venerabiles
478 3812 626 3892 accepto:
648 3810 818 3895 accipite
840 3813 876 3874 et
897 3809 1130 3875 manducate
1153 3828 1197 3873 ex
1218 3809 1294 3876 hoc
1317 3827 1465 3888 omues,

266 3923 338 3987 hoc
360 3923 422 3985 est
444 3937 587 4003 corpus
610 3940 743 4000 meum,
767 3922 865 4004 quod
886 3939 955 4004 pro
978 3918 1094 3986 vobis
1110 3919 1464 4003 tradetur3itemque

266 4033 303 4097 de
327 4030 437 4097 calice:
457 4031 639 4115 aecipite
661 4034 699 4096 et
720 4029 845 4098 bibite
867 4051 908 4097 ex
929 4030 1002 4098 hoc
1025 4051 1174 4112 omnes,
1197 4031 1260 4097 hic
1282 4031 1349 4095 est
1370 4045 1464 4094 san·

265 4143 356 4230 guis
379 4160 488 4208 meus
512 4143 602 4209 novi
625 4143 874 4223 testamenti,
898 4144 965 4229 qni
996 4162 1062 4227 pro
1082 4143 1200 4210 robis
1223 4141 1467 4208 effundetur

265 4254 606 4322 inremissionem
628 4256 895 4336 peccatorum
928 4255 1002 4321 hoc
1035 4254 1161 4322 facite
1183 4254 1271 4335 etc.¹)
1313 4252 1384 4334 His,
1417 4252 1467 4318 in·
1571 4295 1572 4322 t

369 4465 390 4539 ¹)
408 4469 492 4522 Matlr.
511 4466 556 4522 26.
575 4466 619 4523 26.
639 4481 693 4536 seq.
711 4467 734 4522 L
752 4465 810 4524 Gor.
830 4464 877 4524 11.
896 4467 941 4524 24.
