3172 5202
233 387 294 456 124

226 545 401 628 lanensium
423 549 523 626 100100
544 564 619 626 0010
640 561 877 640 immanissima,
901 543 988 626 siout
1004 562 1036 625 in
1059 560 1120 625 alio
1143 559 1274 627 00001110
1299 561 1432 626 clamata

227 690 263 737 00
285 671 446 737 diffamata
479 670 590 752 fuerat,
624 672 669 738 ita
701 674 816 739 inlato
841 671 1049 756 subsequente
1081 671 1193 738 1010001
1226 672 1359 757 expiate,
1394 689 1432 738 ne

228 803 300 849 cum
323 787 424 850 cetera
458 784 544 849 salua
566 783 727 850 videantur
760 783 819 849 hoo
842 785 945 848 solum
967 784 1111 850 relictum
1134 788 1216 850 00001
1239 783 1431 864 scandalum,

227 912 282 978 pro
306 913 367 978 qno
390 912 451 959 non
475 896 577 960 solum
613 894 717 977 pusilli
740 895 789 960 vel
810 895 901 978 pauci
923 895 978 959 sed
1000 898 1032 959 et
1053 894 1159 979 magni
1181 912 1217 960 ac
1239 912 1429 979 magnorum

228 1008 260 1070 01
281 1007 469 1090 pusillorum
501 1024 564 1071 000
587 1006 812 1071 contemnenda
845 1005 1013 1069 multitudo
1036 1004 1076 1069 ab
1099 1006 1257 1070 electionis
1291 1005 1323 1070 in
1356 1005 1434 1072 Ale·

225 1119 377 1184 nandrum
398 1116 498 1182 fectae
520 1120 614 1200 atque
647 1114 687 1180 ab
708 1115 802 1199 hujus
826 1117 947 1181 concilii
971 1114 1206 1182 confirmatione
1228 1115 1431 1182 resiliendum

227 1229 275 1294 rel
308 1227 512 1293 differendum
546 1228 733 1308 existimant,
771 1231 984 1311 exspectantes
1018 1245 1054 1293 00
1089 1227 1297 1292 desiderantes
1332 1225 1434 1291 adhuc

226 1339 401 1425 generalius
425 1339 591 1406 concilium
614 1358 649 1404 er
671 1339 811 1404 unanimi
843 1357 995 1404 consensu
1017 1340 1048 1403 et
1070 1338 1291 1404 convocatione
1323 1354 1434 1421 regum

167 1474 170 1476 ·
226 1453 379 1518 inunum
402 1452 662 1537 congregandum.
684 1449 801 1516 Potens
825 1450 907 1514 enim
930 1452 978 1514 est
999 1449 1085 1515 Deus
1108 1448 1307 1514 concordiem
1328 1446 1431 1513 facere

226 1564 258 1628 in
281 1561 468 1628 sublimibus
502 1563 567 1628 suis
600 1561 725 1648 regibus
748 1579 784 1627 ae
806 1559 998 1647 principibus
1033 1561 1099 1627 sine
1122 1579 1257 1644 quorum
1278 1577 1433 1626 consensu

227 1693 264 1742 00
295 1675 399 1740 010110
432 1675 571 1740 unanimi
592 1675 625 1740 in
647 1675 707 1740 hoc
730 1677 869 1757 tempore
904 1672 1082 1738 schismatis
1104 1673 1247 1756 generale
1269 1670 1337 1736 fieri
1360 1689 1434 1736 con·

228 1786 336 1851 cilium
358 1804 420 1851 non
442 1804 535 1870 00000
557 1785 761 1852 manifestum
784 1787 841 1863 est,
873 1785 931 1852 1101
952 1783 1068 1849 etenim
1090 1783 1271 1849 scandulum
1293 1780 1433 1866 ejusdam

226 1895 462 1978 conspirationis
497 1914 551 1960 seu
572 1895 665 1962 fictae
687 1914 742 1961 seu
764 1893 868 1959 factae
889 1897 1013 1959 tantum
1035 1911 1072 1958 ac
1094 1895 1167 1975 1010,
1192 1896 1304 1959 01000
1327 1911 1434 1959 secure

226 2022 245 2070 0
266 2003 411 2071 fidelibus
434 2007 590 2072 contemni
623 2024 680 2072 nec
702 2005 821 2091 absque
852 2005 983 2072 concilio
1018 2007 1154 2089 generali
1180 2005 1250 2071 tolli
1272 2005 1309 2071 de
1332 2004 1433 2070 medio

226 2135 322 2201 posse
344 2115 493 2182 uideatur.

329 2225 412 2292 Nam
435 2228 462 2293 si
485 2227 516 2293 id
539 2228 598 2295 soli
630 2227 748 2294 inimici
785 2231 817 2293 01
839 2227 1008 2294 aduersarii
1030 2226 1196 2293 Alexandri
1231 2227 1369 2293 dicerem
1403 2229 1434 2293 et

226 2334 289 2422 ipsi
313 2340 422 2402 contra
456 2351 532 2422 quos
556 2339 679 2419 dicitur,
714 2344 807 2424 prout
842 2342 1037 2423 oportuerat,
1073 2337 1253 2404 solemniter
1284 2342 1434 2422 negarent

226 2449 282 2512 001
314 2451 398 2513 00010
432 2445 550 2515 factum
588 2467 680 2514 suum
712 2446 922 2531 justificarent
954 2452 1018 2529 aut,
1058 2449 1140 2532 quod
1169 2447 1337 2532 justificari
1370 2466 1433 2515 non

222 2560 338 2642 000001,
361 2562 520 2625 mutarent
542 2577 635 2644 seque
652 2558 692 2624 ab
715 2559 852 2624 amicitia
875 2557 971 2625 Siculi
994 2561 1026 2624 01
1040 2558 1334 2640 Μο1101000001000,
1361 2559 1431 2644 qui·

226 2668 285 2736 bus
308 2673 416 2736 000100
437 2671 603 2755 imperium
624 2690 680 2737 seu
694 2674 802 2738 contra
816 2671 1100 2738 collaudamentum
1115 2669 1296 2755 imperatori
1311 2669 1432 2736 lactum

226 2781 378 2847 foederati
400 2781 555 2861 dicuntur,
589 2783 681 2866 longe
714 2783 852 2850 facerent
885 2781 1042 2848 contemni
1075 2784 1262 2866 possentne
1284 2779 1432 2847 deberent

226 2892 450 2958 maledicorum
472 2893 644 2958 calumniae
667 2893 704 2958 de
727 2893 896 2958 simoniaca
917 2892 971 2957 1110
983 2891 1221 2977 conspiratione.
1244 2889 1337 2957 Nunc
1358 2908 1432 2957 vero

227 3003 308 3068 01001
329 3003 502 3069 Adrianum
524 3021 640 3089 papam
663 3021 735 3069 cum
757 3002 860 3069 Siculo
888 3007 997 3068 contra
1022 3002 1306 3070 collaudamentnm
1327 3003 1429 3089 impe·

225 3113 323 3178 ratori
342 3114 375 3178 in
397 3113 491 3180 uerbo
514 3114 640 3180 Domini
672 3115 793 3182 factum
815 3116 991 3182 certissime
1012 3119 1124 3181 notum
1147 3119 1204 3197 001,
1239 3135 1307 3183 0000
1328 3115 1434 3182 foede·

225 3228 339 3304 ratum,
362 3243 424 3309 quo
447 3226 524 3292 inito
547 3225 671 3292 foedere
704 3226 851 3293 continuo
874 3245 937 3291 non
960 3227 1026 3292 sine
1047 3227 1233 3308 interuentu,
1256 3229 1293 3291 ut
1314 3226 1432 3305 dicunt,

224 3336 374 3422 pecuniae
409 3336 551 3403 inuentae
583 3341 657 3403 sunt
680 3339 858 3404 occasiones
893 3338 1179 3404 excommunicandi
1201 3338 1351 3404 domnum
1371 3339 1433 3405 im-

223 3450 409 3532 peratorem,
444 3466 526 3532 quae
558 3448 668 3532 utique
702 3447 978 3515 excommunicatio
1004 3449 1037 3513 in
1060 3449 1205 3515 effectum
1227 3450 1433 3535 processisset

225 3556 284 3622 nisi
309 3557 463 3624 intentata
478 3559 632 3626 000100110
647 3562 748 3626 morte
758 3558 887 3624 Adriani
910 3561 1080 3642 intercepta
1095 3557 1217 3641 luisset,
1240 3559 1309 3645 ipso
1326 3562 1432 3626 100000

221 3668 408 3752 imperatore
443 3672 551 3754 000010
575 3672 658 3735 01000
680 3670 718 3734 ad
742 3687 866 3734 omnem
885 3669 1045 3753 justitiam
1068 3670 1134 3736 siue
1159 3691 1195 3737 ex
1208 3669 1326 3754 judicio
1343 3671 1430 3756 priu-

223 3779 329 3865 cipum
363 3781 512 3848 ecclesiae
533 3785 565 3847 01
590 3781 677 3866 regni
710 3781 775 3846 sire
810 3799 847 3846 ex
880 3781 1008 3847 consilio
1043 3798 1215 3864 paucorum
1246 3801 1282 3847 ex
1313 3781 1431 3868 placito

225 3891 297 3958 hino
318 3891 390 3958 inde
411 3894 643 3960 nominatorum
666 3895 698 3958 01
720 3893 899 3975 electorum,
923 3894 1014 3973 sicut,
1037 3892 1175 3976 inquam,
1209 3892 1268 3959 sub
1292 3891 1430 3960 Adriano

226 4021 309 4090 0000
345 4003 454 4070 foedus
491 4024 563 4071 cum
599 4006 742 4073 hostibus
779 4007 902 4092 imperii
938 4007 1052 4072 initum
1089 4008 1121 4071 et
1152 4005 1431 4072 excommunicatio

227 4115 340 4181 domno
373 4115 554 4202 imperatori
574 4118 729 4185 intentata
751 4120 809 4198 001,
845 4118 890 4184 010
922 4118 1051 4184 eandem
1081 4115 1432 4185 excommunicationem

227 4226 372 4311 idemque
392 4225 502 4294 foedus
525 4228 595 4310 1010,
617 4229 792 4297 Alexander
815 4230 883 4296 dico
906 4245 996 4316 0000,
1031 4249 1104 4295 oum
1126 4230 1243 4296 eisdem
1266 4226 1432 4294 cardinali·

227 4336 297 4420 bus,
324 4339 377 4424 qui
399 4336 538 4424 ejusdem
561 4340 682 4407 consilii
704 4346 778 4408 1000
801 4341 971 4427 0001101000
993 4340 1092 4408 101000
1107 4341 1261 4422 dicuntur,
1272 4357 1432 4426 perseuer-

227 4452 316 4516 anter
337 4453 452 4536 100001,
473 4453 631 4520 000110010
653 4456 758 4521 tamon
781 4454 875 4521 etiam
897 4471 978 4520 noua
1000 4471 1094 4522 00000
1115 4472 1171 4539 000
1193 4469 1256 4538 qua
1278 4452 1323 4520 eis
1345 4449 1432 4520 ride-
