3172 5202
253 400 314 468 164

249 573 351 640 nitens
374 573 462 656 quasi
484 588 676 654 purpureum
698 568 731 636 in
752 589 786 636 se
807 568 944 639 colorem
967 567 1112 631 ostentat.
1159 564 1242 632 Nam
1265 567 1375 634 Victor
1397 585 1460 634 eu·

249 683 382 770 gustabo
404 680 578 767 majestatis
601 680 778 748 defensione
800 681 920 760 nititur,
936 678 1110 746 Alexander
1130 697 1202 744 vero
1219 677 1317 765 etiarn
1329 681 1460 764 tyranni

249 794 346 864 Siculi
368 813 402 860 se
423 795 579 878 potestate
601 795 716 872 tuetur,
751 792 838 875 cujus
862 792 957 858 etiam
978 791 1077 856 fretus
1100 790 1213 856 militia
1230 792 1363 859 ‘castella
1397 811 1458 858 seu

248 906 373 992 praedia
391 904 421 970 b.
445 903 533 969 Petri
555 905 757 988 expugnando
782 922 856 970 suae
878 903 1005 988 subjicit
1027 904 1147 972 ditioni.

332 1017 399 1083 Neo
421 1035 493 1082 vero
515 1033 534 1081 a
555 1015 674 1082 ratione
695 1017 831 1082 alienum
854 1020 902 1082 est
924 1018 1102 1100 serpentum
1124 1015 1308 1099 imaginaria
1332 1015 1457 1080 visione

248 1129 424 1197 sacerdotes
462 1147 518 1194 seu
553 1127 650 1193 bonos
689 1147 743 1194 seu
776 1128 876 1193 malos
912 1125 1120 1211 interpretari.
1167 1124 1327 1210 Siquidem
1365 1127 1454 1212 apud

247 1241 378 1325 Moysen
399 1239 432 1305 in
454 1237 651 1324 serpentibus
674 1258 710 1305 er
732 1240 828 1324 virgis
858 1239 1027 1323 Magorum
1044 1236 1273 1303 haereticorum
1295 1237 1455 1322 astutia1)

247 1351 374 1435 insuper
396 1353 428 1416 et
450 1350 574 1434 gemina
606 1366 691 1414 mors
725 1347 863 1433 corporis
887 1350 918 1413 et
939 1346 1070 1436 aninmo,¹
1103 1347 1135 1411 in
1155 1352 1298 1434 serpente
1320 1367 1392 1417 vero
1416 1369 1456 1415 er

248 1462 336 1547 virga
358 1461 461 1546 Mopsi
483 1461 579 1526 etiam
602 1458 721 1526 Christi
744 1479 829 1525 mors
852 1479 906 1526 seu
928 1458 1092 1542 prudentia
1106 1456 1132 1543 Ξ)
1169 1459 1337 1527 christiana
1359 1479 1454 1547 prae·

247 1572 371 1657 signata
393 1574 451 1638 est.
480 1571 569 1638 Unde
591 1574 623 1636 et
644 1569 805 1655 discipulis
827 1570 892 1636 suis
915 1570 1069 1636 Dominus
1091 1573 1152 1638 aits
1189 1573 1331 1643 Estote
1353 1592 1454 1657 pru·

245 1683 380 1749 dentes
404 1683 511 1748 sicut
533 1682 790 1775 serpentes,³)'
812 1685 846 1748 ut
878 1700 940 1747 non
962 1681 1115 1758 absonum
1148 1684 1191 1750 sit
1214 1685 1247 1750 in
1269 1688 1452 1769 serpentum

244 1792 346 1879 figura
368 1795 544 1860 sacerdotes
577 1814 632 1861 seu
653 1793 751 1860 bonos
774 1811 829 1860 seu
851 1794 951 1858 malos
973 1793 1115 1880 inteiligit
1160 1795 1201 1860 st
1220 1795 1451 1864 Mardocbaeus

246 1905 405 1971 somnium
419 1905 445 1991 ⁴)
477 1905 698 1991 interpretans:
732 1906 815 1972 Duo
838 1905 1053 1986 dracones,
1076 1905 1190 1990 inquit,¹
1212 1925 1283 1990 ego
1306 1926 1389 1972 sum
1413 1913 1454 1972 et

245 2016 406 2104 Amans)
417 2054 458 2066 --
470 2019 516 2085 la
529 2036 586 2084 nos
603 2017 753 2084 visionem
768 2016 847 2081 hanc
862 2019 987 2101 propter
1002 2016 1140 2082 trifariae
1154 2018 1313 2087 scissionis
1331 2020 1454 2089 malum

244 2129 483 2214 significandum
515 2129 688 2208 intulimus,
727 2127 809 2212 quod
827 2144 890 2192 non
908 2125 976 2210 jam
997 2127 1030 2191 in
1052 2129 1169 2195 somnis
1207 2129 1261 2194 sed
1283 2129 1315 2194 in
1337 2135 1453 2214 aperta

244 2244 363 2310 visione
385 2242 568 2308 declaratur.
589 2239 714 2307 Tertiae
736 2255 870 2321 namque
888 2238 989 2323 partis
1003 2238 1088 2306 illins
1104 2240 1233 2321 mediae,
1256 2244 1293 2307 ut
1314 2241 1448 2320 videtur,

245 2353 452 2441 significativa
483 2353 585 2417 media
617 2351 671 2416 illa
699 2351 792 2417 arbor
812 2351 923 2431 extitit,
962 2369 1041 2436 quae
1072 2352 1154 2418 inter
1186 2352 1264 2418 duos
1286 2351 1358 2419 illos
1381 2372 1449 2419 ser·

245 2467 355 2551 pentes
378 2463 542 2530 hincinde
574 2461 893 2548 porrectosmedium
916 2461 1023 2527 tenuit.
1069 2463 1155 2546 Quae
1176 2463 1302 2530 landun
1326 2483 1449 2548 quoque

244 2576 311 2642 Deo
333 2573 455 2641 favente
488 2577 632 2660 superato
666 2573 825 2640 dualitatis
861 2571 1030 2640 schismate
1058 2573 1197 2660 spatiosa
1217 2574 1356 2661 potietur
1378 2577 1450 2642 uni·

245 2684 319 2750 tetis
341 2683 528 2752 libertatem.

656 3019 767 3089 Gap.
785 3019 1032 3080 LXXXIV.

380 3239 382 3244 ι
417 3144 612 3214 Phantasma
635 3144 759 3214 diaboli
780 3145 924 3234 ejusdem
945 3146 996 3214 rei
1018 3145 1281 3233 significativum.

344 3329 417 3397 Non
439 3333 541 3396 solum
563 3333 679 3399 sanctis
714 3333 953 3400 revelationibus
987 3334 1090 3400 trifida
1122 3335 1198 3400 haec
1226 3333 1334 3400 scissio
1356 3351 1449 3417 prae-

245 3444 370 3509 ostensa
392 3446 449 3523 est,
488 3443 543 3509 sed
565 3446 597 3508 et
618 3442 760 3510 diabolus
790 3444 930 3530 ejusdem
963 3445 1122 3512 scissionis
1159 3446 1354 3512 machinator
1376 3463 1447 3510 eam

243 3553 308 3619 suis
331 3551 561 3620 ostensionibus
594 3571 630 3620 ac
652 3554 754 3622 verbis
776 3557 956 3640 praeludere
979 3574 1074 3622 ausus
1097 3559 1153 3622 est.
1200 3557 1331 3625 cuidam
1353 3575 1447 3622 nam-

244 3684 304 3750 que
325 3684 420 3751 puero
442 3685 537 3751 super
569 3667 736 3734 dictamno
758 3687 815 3735 suo
838 3668 971 3735 sollicito
1000 3669 1121 3753 ipsein
1143 3669 1246 3754 specie
1267 3669 1325 3735 viri
1348 3687 1448 3753 appa·

242 3794 313 3843 rens
335 3776 411 3842 haec
444 3776 538 3844 verba
571 3777 732 3845 scribenda
754 3783 785 3846 et
806 3779 838 3846 in
861 3779 976 3847 scholis
1012 3780 1163 3864 magistro
1197 3799 1253 3847 suo
1287 3780 1443 3850 reddenda

245 3888 422 3957 commisit:

347 4100 365 4171 ¹)
386 4104 443 4158 cod.
463 4108 564 4158 astutio.

344 4201 364 4266 ²)
385 4201 441 4258 cod.
460 4203 609 4269 prudentes.

344 4297 366 4368 ³)
384 4299 468 4362 Motis,
489 4298 533 4355 10.
554 4299 596 4354 16.

343 4398 367 4463 ⁴)
386 4399 442 4452 cod.
461 4413 582 4452 somnum.

345 4492 364 4564 ³)
383 4495 454 4549 Esth.
475 4496 519 4552 10.
539 4496 564 4551 7.
