3168 5214
1266 405 1329 473 305

125 581 211 648 tutis
235 581 407 648 efficaciam
426 582 655 668 praedicamus,
679 581 724 646 ita
746 584 782 645 ut
804 580 832 646 ei
854 580 993 663 tempore
1007 585 1039 647 ot
1052 584 1120 648 loca
1142 582 1331 648 aeternitatis

126 693 339 777 amplitudine
372 712 408 760 ac
429 693 509 760 lucis
533 693 654 759 diuinae
682 689 901 758 inaestimabili
922 689 1035 758 unione
1056 709 1255 776 supergresso
1277 712 1333 758 nec

124 803 225 888 longe
246 805 349 887 posita
370 808 488 871 remota
511 806 582 885 sint,
605 823 661 870 nec
677 803 776 870 solida
798 802 902 867 clausa
924 819 981 866 nec
1002 802 1165 869 tenebrosa
1187 801 1330 871 obscura.

125 914 222 980 Unde
238 918 270 980 et
284 914 458 1001 ubicunque
480 913 841 996 fuoritcadaue1·,sancti
864 912 1008 978 uidelicet
1029 912 1195 998 cujuslibet
1216 916 1254 980 de
1276 914 1333 981 hec

128 1027 202 1092 vite
224 1047 378 1108 excessus,
410 1027 512 1112 aquila
534 1029 610 1094 11660
632 1027 729 1092 mirae
751 1022 927 1092 velocitatis
961 1025 1070 1092 statim
1090 1027 1179 1092 adest
1201 1045 1336 1110 suosque

128 1137 173 1202 ad
196 1139 381 1224 recolligit,
415 1140 448 1204 in
482 1141 635 1223 quotquot
655 1139 732 1204 locis
756 1139 850 1205 simul
887 1140 987 1207 sancti
1009 1143 1040 1204 et
1061 1138 1168 1204 fideles
1192 1136 1334 1205 obierint.

128 1249 194 1316 Sed
216 1253 249 1314 et
271 1251 416 1317 manibus
436 1251 633 1319 sacerdotum
660 1252 753 1317 simul
774 1252 806 1315 in
829 1253 915 1319 mille
937 1252 1014 1320 locis
1037 1248 1279 1318 sacrificantium
1302 1267 1335 1314 se

128 1377 233 1446 agnus
263 1362 324 1429 istc
356 1361 508 1428 indiuisus
532 1364 563 1427 et
584 1380 664 1427 unus
696 1366 875 1446 praesentat
896 1367 928 1430 et
951 1359 1247 1430 communicantium
1281 1376 1334 1424 ora

129 1475 165 1537 61
187 1474 282 1539 corda
314 1474 487 1540 multorum
524 1474 616 1539 simul
649 1474 770 1540 milium
792 1474 942 1540 indivisus
965 1473 1147 1558 ingreditur,
1182 1490 1217 1536 eo
1252 1471 1334 1555 quod

131 1583 236 1669 spatia
257 1585 399 1650 locorum
432 1585 642 1652 sacrificantes
665 1588 697 1652 et
718 1587 983 1652 communicantes
1007 1583 1175 1651 dividentia
1196 1583 1229 1648 in
1251 1581 1332 1646 nihi·

128 1697 200 1760 lum
220 1696 306 1780 apud
326 1697 430 1781 ipsum
452 1697 646 1780 deputantur,
669 1697 766 1762 immo
789 1716 861 1764 vero
886 1697 1000 1781 ipsein
1015 1695 1144 1764 diuersis
1167 1691 1333 1759 dividatur.

129 1807 200 1872 Noc
222 1827 295 1874 vero
319 1810 476 1875 comestus
498 1806 682 1888 absumitur,
706 1826 741 1873 eo
765 1808 848 1892 quod
870 1811 1013 1874 aeternus
1036 1811 1068 1873 61
1089 1803 1332 1890 incorruptibilis

132 1923 190 2000 est,
212 1915 338 1986 Jesus
361 1917 560 1988 Christus
590 1917 690 1984 enim
711 1919 801 1984 heri
823 1923 861 1984 ct
883 1918 998 1986 hodie
1019 1919 1105 2003 ipse
1126 1919 1165 1982 et
1187 1915 1227 1979 in
1250 1931 1333 1980 sae·

132 2028 225 2092 cula
241 2024 265 2112 ¹)
294 2029 349 2094 sed
372 2029 475 2114 magis
498 2049 531 2096 se
554 2028 750 2094 comedentes
784 2031 925 2096 aeternos
949 2028 1048 2095 6111611
1071 2025 1331 2114 quemadmodum

131 2140 197 2204 ait:
222 2141 261 2204 et
283 2137 350 2223 qui
372 2140 584 2206 manducat
606 2158 662 2204 me
684 2139 769 2224 ipse
791 2139 895 2206 vivit
916 2143 1086 2226 propter
1112 2157 1178 2204 me.
1194 2141 1220 2219 ²)

540 2543 541 2546 ’
616 2527 727 2595 cap.
747 2527 864 2584 LIV.

514 2651 560 2718 lle
582 2650 808 2738 magnitudine
830 2651 961 2720 Christi.

236 2839 287 2904 116
316 2838 463 2904 nimirum
496 2857 629 2923 granum
661 2839 779 2925 sinapis
813 2839 969 2904 minutum
998 2837 1150 2904 Dominus
1172 2838 1266 2908 Jcsus
1304 2837 1337 2905 in

133 2950 226 3016 horto
259 2950 409 3018 ecclesiae
441 2950 573 3020 missum
603 2949 670 3033 jam
703 2951 800 3016 crevit
822 2954 853 3017 61
875 2947 995 3015 fectum
1017 2953 1065 3015 661
1086 2947 1187 3030 arbor,
1222 2952 1266 3016 ita
1301 2955 1337 3019 ut

134 3063 278 3128 volucres
301 3079 422 3145 quoque
444 3063 521 3127 coeli
544 3063 669 3128 veniant
684 3067 715 3129 61
730 3063 925 3147 requiescant
946 3062 978 3127 in
1000 3062 1094 3128 ramis
1118 3060 1194 3146 ejus.
1218 3063 1334 3129 Remos

134 3173 230 3257 hujus
252 3170 372 3238 arboris
395 3173 548 3256 perlectos
572 3173 637 3257 ejus
661 3177 785 3242 sanctos
808 3176 840 3239 et
862 3175 975 3240 electos
990 3173 1119 3238 dixerim
1134 3173 1162 3238 ei
1176 3177 1337 3258 tamquam

135 3285 193 3350 uiti
215 3285 362 3368 palmites
385 3285 584 3351 cohaerentes
607 3290 639 3352 61
662 3307 699 3352 ex
720 3287 789 3371 ipso
813 3285 876 3350 vite
898 3285 996 3350 vitam
1018 3283 1191 3363 trahentes,
1214 3286 1247 3348 in
1269 3285 1338 3368 qui·

137 3395 196 3462 bus
219 3395 298 3461 bene
321 3403 352 3461 et
374 3398 544 3462 secundum
560 3397 718 3466 Christum
744 3417 777 3463 66
799 3396 964 3480 agentibus
986 3396 1087 3465 sancti
1108 3397 1211 3480 angeli
1225 3398 1334 3479 utpote

136 3505 285 3590 inhujus
309 3509 465 3591 spatiosae
488 3507 607 3574 arboris
630 3509 725 3574 ramis
742 3508 950 3592 requiescunt.
972 3506 1032 3572 Hic
1054 3509 1103 3570 est
1123 3505 1175 3571 ille
1196 3505 1277 3588 lepis
1299 3505 1337 3572 de

137 3621 254 3698 monte,
288 3620 326 3684 de
354 3615 452 3704 stirpe
474 3619 617 3686 videlicet
638 3619 893 3704 patriarcharum,
929 3619 994 3683 sine
1015 3614 1158 3682 manibus
1182 3617 1336 3700 complec-

137 3726 271 3793 tentium
286 3726 454 3808 abscissus,
479 3729 531 3812 qui
553 3730 717 3813 aliquando
740 3730 902 3814 parvulus,
925 3731 1034 3812 utpote
1056 3728 1148 3812 paulo
1172 3727 1275 3791 minus
1296 3727 1336 3791 ab

137 3837 256 3922 angelis
279 3841 417 3924 tempore
440 3838 642 3906 mortalitatis
654 3840 837 3920 minoratus,
853 3837 1087 3905 resurrectionis
1103 3839 1135 3902 et
1148 3835 1336 3901 ascensionis

137 3949 362 4035 glorificatione
383 3951 496 4034 crevit,
530 3952 574 4017 ita
596 3955 632 4017 ut
653 3950 753 4036 gloria
776 3951 842 4035 ejus
876 3954 961 4016 totus
991 3949 1126 4014 mundus
1148 3949 1259 4032 plenus
1282 3946 1332 4026 sit,

139 4061 401 4144 quemadmodum
435 4063 587 4150 scriptum
621 4067 686 4130 est:
720 4064 904 4129 Exeltare
926 4079 1045 4143 super
1067 4060 1208 4126 coelos
1233 4059 1334 4124 Deus

139 4170 953 4260 616666166166161161113161161661)

141 4419 390 4435 mo—u——n-q

244 4491 262 4562 ¹)
281 4492 363 4548 usur.
385 4488 427 4546 13.
447 4489 473 4544 a.
495 4519 528 4534 -
549 4489 570 4559 r)
588 4490 662 4546 roan.
682 4490 707 4545 6.
728 4487 772 4544 oo.
801 4515 826 4530 υ
846 4484 867 4554 6
886 4485 928 4539 us.
949 4483 992 4541 oe.
1012 4484 1037 4538 c.
1057 4484 1100 4539 12.
1196 4567 1238 4636 20
