3168 5214
1280 393 1343 462 309

139 564 245 632 dinem
257 579 425 648 corporum
447 581 541 648 posse
557 560 664 646 redigi,
682 579 754 628 cum
769 562 900 647 physica
914 562 1023 629 doceat
1037 563 1154 629 terram
1169 564 1201 629 in
1217 581 1341 650 aquam,

139 692 255 760 uquam
286 674 319 739 in
351 678 456 740 aerem
489 677 584 759 atque
614 673 718 758 ipsum
750 673 832 758 iguis
855 674 1023 757 puritatem
1045 692 1140 760 posse
1161 677 1341 744 attenuari?

139 787 231 869 Quod
252 785 298 850 ita
318 785 386 851 fieri
408 803 467 851 usn
490 785 659 853 cottidiano
689 783 795 870 palam
817 787 875 852 est
918 785 1043 851 Etenim
1065 785 1093 850 si
1114 785 1235 872 lignum
1258 789 1341 871 qnod

140 897 249 980 utique
279 899 420 962 terrenae
451 898 581 963 naturae
609 899 658 962 est
689 897 722 960 in
756 897 860 981 ignem
893 895 1015 962 miseris
1048 897 1148 980 primo
1183 915 1289 964 crassa
1310 903 1343 966 et

139 1008 268 1075 humida
300 1008 355 1073 illa
388 1008 534 1074 materies
567 1008 599 1071 iu
620 1006 753 1088 fumum,
788 1007 841 1091 qni
872 1007 1034 1090 aquaticae
1066 1007 1160 1074 simul
1181 1012 1214 1075 et
1234 1014 1344 1076 atreae

137 1122 267 1186 naturae
290 1121 348 1198 ost,
370 1120 569 1197 convertitur,
592 1115 759 1201 fumusque
792 1119 858 1202 ipse
879 1117 985 1201 purior
1007 1117 1136 1185 effectus
1160 1121 1287 1186 tandem
1308 1121 1341 1186 in

136 1230 241 1314 ignem
265 1232 296 1295 et
318 1227 477 1294 flammam
499 1233 650 1310 mutatur,
684 1248 746 1313 qua
779 1229 947 1296 lamblento
981 1233 1082 1296 totum
1114 1232 1236 1316 lignum
1257 1233 1341 1318 ignis

50 1397 53 1406 .
136 1340 181 1420 lit,
204 1340 251 1404 ita
271 1343 308 1405 nt
331 1343 471 1406 terrenae
504 1341 652 1407 materiae
684 1340 735 1405 riu
757 1339 801 1404 ibi
823 1342 964 1407 modicus
995 1341 1074 1406 cinis
1110 1342 1253 1409 residuus
1288 1343 1340 1409 sit.

136 1450 181 1518 At
203 1468 276 1516 roro
299 1451 380 1535 ignis
403 1453 641 1518 crassitudinem
663 1454 763 1520 nostri
786 1454 899 1519 terreni
914 1455 1053 1539 corporis
1068 1453 1100 1519 in
1115 1455 1342 1522 resurrectione

136 1580 323 1629 consumens
346 1567 377 1629 et
395 1563 429 1630 iu
451 1584 485 1630 se
506 1565 698 1634 transferens
734 1585 796 1632 uon
829 1565 999 1632 materialis
1033 1566 1088 1631 sed
1120 1565 1243 1631 divium
1279 1567 1339 1646 est,

136 1673 251 1738 etenim
273 1672 362 1740 Deus
384 1679 492 1741 noster
512 1676 594 1760 iguis
618 1695 805 1743 consumens
829 1681 877 1743 est
899 1677 973 1762 ital)
995 1676 1086 1743 fortia
1103 1680 1135 1742 et
1150 1676 1281 1756 ualidus,
1305 1680 1341 1742 ut

135 1783 195 1850 sibi
218 1785 421 1852 adhaerentes
443 1803 541 1853 unum
563 1787 707 1871 spiritum
731 1806 838 1854 secum
862 1787 977 1855 eifiobt
998 1790 1092 1872 atque
1108 1787 1142 1854 in
1156 1788 1341 1872 angelorum

137 1896 376 1964 similitudinem
392 1900 561 1966 translatos
577 1898 672 1965 etiam
687 1900 770 1966 Deos
792 1897 942 1984 perficiat.
963 1899 1041 1984 ligo
1064 1898 1142 1965 diri
1164 1898 1219 1964 dii
1240 1897 1339 1964 estis

136 2012 175 2075 et
196 2007 281 2074 filii
304 2010 451 2076 excelsi
472 2029 606 2078 omnes
621 2009 646 2096 ²)
668 2012 713 2077 ita
735 2011 837 2095 gratia
858 2011 970 2096 plenus
994 2015 1026 2076 et
1049 2010 1202 2077 suavitate
1225 2013 1261 2075 nt
1281 2023 1338 2074 na·

134 2123 238 2187 turam
261 2117 403 2188 reserens
426 2121 514 2206 eique
537 2119 727 2188 obumbrans
751 2121 818 2205 ejus
841 2121 1007 2188 veneram
1029 2124 1201 2188 conservet.

589 2508 701 2577 cap.
720 2507 885 2564 Lv111.

285 2628 331 2698 llo
352 2629 500 2720 potentia
520 2629 694 2718 spirituum
715 2630 749 2698 et
770 2628 989 2718 spiritualium
1009 2647 1190 2719 corporum.

236 2815 301 2885 Sed
323 2817 466 2902 quamvis
499 2815 629 2883 dixerim
662 2818 756 2900 atque
778 2818 850 2881 ante
872 2835 929 2882 nos
951 2816 1071 2882 dictum
1092 2816 1135 2882 sit
1153 2818 1339 2903 angolorum

140 2932 189 2997 vel
211 2929 375 2996 hominum
408 2929 581 3013 spiritualia
601 2945 730 3013 corpora
753 2947 820 2994 esse
842 2928 942 3014 ignea,
971 2947 1035 2994 non
1056 2932 1160 2996 tamen
1179 2928 1340 2995 aestimari

134 3039 208 3114 licet
242 3042 367 3125 angelos
399 3040 449 3106 vel
470 3038 612 3105 homines
634 3039 667 3105 in
689 3039 913 3106 resurrectione
945 3039 1045 3106 factos
1080 3039 1198 3107 similes
1220 3040 1339 3126 angelis

136 3171 207 3219 cum
244 3169 399 3236 quoquam
433 3152 549 3217 intrare
571 3153 680 3218 volunt
700 3153 782 3238 ignis
815 3153 865 3218 rel
887 3153 1009 3218 sudoris
1031 3153 1125 3218 modo
1154 3171 1211 3238 pen
1243 3171 1338 3237 poros

137 3264 244 3330 solidis
266 3263 354 3329 illabi
374 3263 562 3348 vaporaliter
583 3249 782 3349 corporibus,
813 3264 887 3348 quin
908 3263 1015 3349 potius
1038 3263 1137 3329 solida
1159 3265 1268 3328 nostra
1290 3263 1335 3328 eis

135 3375 220 3440 nulla
243 3379 325 3455 sunt,
349 3373 431 3441 sicut
453 3375 554 3460 spatia
576 3394 697 3460 quoque
718 3375 800 3440 atris
822 3376 1041 3442 volterranum
1060 3378 1115 3440 aut
1138 3374 1272 3440 marium
1293 3373 1338 3438 eis
1379 3411 1383 3418 ·

135 3487 167 3551 in
188 3485 322 3552 nihilum
344 3490 540 3572 reputantur.
561 3485 652 3554 Unde
674 3491 707 3553 et
727 3505 798 3553 mor
819 3485 955 3553 invocati
976 3483 1193 3551 invocantibus
1209 3487 1335 3568 praesto

136 3599 218 3663 sunt.
264 3597 353 3681 Quod
374 3597 419 3662 ita
441 3616 510 3663 esse
531 3598 627 3663 etiam
657 3597 690 3662 in
711 3596 804 3663 malis
826 3598 946 3682 angelis
968 3595 1170 3663 manifestum
1193 3594 1336 3681 pluribus

135 3707 254 3773 inditiis
276 3711 333 3774 est.
378 3709 501 3793 Quanto
533 3709 634 3794 magis
657 3709 758 3776 sancti
789 3708 893 3794 angeli
915 3712 947 3775 et
967 3706 1108 3773 homines
1130 3707 1252 3772 nullum
1269 3705 1337 3789 jam

136 3837 303 3906 corporeae
325 3819 416 3885 molis
438 3820 694 3904 impedimentum
715 3817 867 3885 habentes
887 3818 1018 3903 ipsaque
1038 3817 1117 3896 luce,
1152 3832 1230 3900 quae
1251 3816 1337 3880 Dens

135 3931 192 4009 eet,
215 3928 395 3995 immediate
424 3929 563 3995 fruentes
592 3929 731 4013 ejusdem
752 3927 991 4013 participatione
1011 3926 1090 3993 lucis
1113 3924 1227 4012 ubique
1247 3943 1337 4010 prae-

135 4038 234 4105 sentis
258 4041 353 4105 etiam
374 4040 434 4124 ipsi
455 4039 509 4106 ubi
531 4041 639 4106 uolunt
661 4059 733 4104 mor
753 4043 933 4125 praesentes
949 4038 1091 4104 aderunt.
1114 4037 1238 4103 Etenim
1254 4036 1337 4119 quod

134 4149 167 4214 in
188 4148 281 4216 malis
313 4151 432 4235 angelis
467 4152 563 4218 solius
597 4153 727 4218 naturae
758 4149 931 4217 subtilioris
964 4151 1114 4216 vivacitas
1139 4147 1272 4233 palluit,
1303 4147 1336 4210 in

134 4262 226 4329 bonis
259 4265 369 4347 utpote
400 4264 433 4329 in
466 4266 549 4329 terra
581 4280 638 4329 sua
670 4262 804 4347 duplicia
835 4259 1068 4347 possidentibus
1104 4278 1174 4327 cum
1207 4261 1336 4324 naturae

241 4477 259 4545 ¹)
280 4478 355 4531 Dent.
374 4475 401 4533 4.
421 4475 466 4534 24.
487 4503 521 4520 ·-
543 4474 564 4546 ²)
584 4475 627 4533 Pa.
647 4473 691 4530 81.
711 4475 736 4530 6.
