3168 5214
1271 429 1333 496 307

129 597 227 663 Jesns
261 595 384 661 veritati
418 595 556 680 corporis
579 595 645 680 ejus
668 613 687 660 a
709 597 842 682 pusillae
877 597 948 663 fidei
981 595 1158 663 homiuibus
1192 599 1334 683 derogari

129 703 343 771 arbitrabatur
376 706 465 789 qnasi
496 706 573 772 illud
596 726 614 772 a
636 708 761 792 propria
795 712 907 774 natura
941 708 1098 776 destitisse
1129 713 1159 774 et
1190 709 1222 775 in
1244 728 1334 775 assu·

129 820 270 882 mentem
302 816 473 882 divinitatis
507 821 652 884 naturam
686 819 807 886 dicatur
829 820 988 887 transisse.
1030 821 1089 888 Sed
1111 821 1239 887 audiant
1260 839 1335 904 apo·

131 929 250 994 stolum
272 928 435 1008 dicentem,
472 929 618 1012 qnoniam
650 929 733 995 alia
766 930 1012 997 coelestium
1044 931 1184 998 atalia
1207 934 1335 996 terre·

131 1041 280 1106 strinm
313 1058 519 1124 corporum
554 1041 681 1124 gloria
696 1041 719 1124 ¹)
750 1045 807 1107 est.
851 1042 932 1108 Item
955 1043 1169 1109 seminatur
1191 1062 1333 1127 corpus

132 1152 315 1230 animale,
339 1153 479 1235 surget
501 1169 648 1236 corpus
671 1151 906 1235 spirituale,
926 1153 1142 1219 seminatur
1164 1154 1203 1218 in
1225 1153 1334 1218 infir·

132 1263 297 1343 mitate‚
321 1267 462 1348 surget
489 1263 527 1328 in
551 1263 718 1342 virtute;
754 1265 983 1331 seminatur
1003 1265 1043 1330 in
1064 1265 1334 1351 ignobilitate

132 1377 276 1459 surget
297 1373 335 1440 in
357 1371 529 1460 gloriae)
551 1375 635 1441 Dum
658 1394 741 1460 ergo,
754 1379 790 1441 nt
812 1376 938 1443 interim
961 1375 1000 1442 de
1022 1375 1167 1442 dominici
1191 1375 1331 1462 corporis

129 1485 230 1570 gloria
253 1485 404 1572 singulari
437 1493 607 1568 taceamus,
641 1485 702 1551 alia
734 1486 917 1552 coelestium
938 1490 1032 1571 atque
1053 1487 1114 1553 alia
1136 1487 1333 1553 terrestrium

128 1615 298 1684 corporum
320 1598 419 1684 gloria
440 1599 493 1679 sit,
526 1602 563 1665 ut
595 1597 811 1682 spiritualibus
845 1597 1020 1684 spiritualia
1043 1600 1271 1683 comparentur,
1294 1599 1332 1663 de

128 1707 340 1792 spiritualium
362 1712 394 1775 et
415 1710 596 1777 coelestium
618 1727 784 1794 corporum
805 1710 882 1775 locis
904 1727 966 1776 non
988 1710 1124 1776 carnalia
1146 1711 1195 1776 rel
1211 1712 1332 1776 terrena

129 1820 185 1886 sed
207 1821 354 1887 coelestia
376 1823 407 1885 et
428 1820 604 1904 spiritualia
626 1819 819 1886 aestimanda
842 1823 924 1888 snut.

609 2110 719 2179 Gap.
737 2110 854 2167 LVI.

302 2232 484 2320 Descriptio
507 2253 676 2323 corporum
698 2235 849 2305 localium
873 2254 929 2303 sen
949 2235 1162 2304 terrenorum.

231 2398 279 2464 De
311 2415 443 2481 quorum
477 2415 642 2482 corporum
676 2397 776 2478 locis,
823 2398 967 2481 qnoniam
1000 2399 1070 2485 ipse
1101 2403 1222 2466 terrena
1259 2398 1333 2463 sunt

7 2545 8 2586 r
130 2519 253 2580 terrena
286 2527 409 2594 quoque
441 2509 515 2574 licet
547 2509 720 2575 aestimare.
767 2507 817 2574 Sic
851 2509 965 2575 etenim
997 2513 1069 2576 ante
1101 2527 1158 2575 nos
1194 2508 1233 2574 de
1254 2506 1331 2574 locis
1367 2547 1369 2552 -

7 2587 9 2682 i
129 2629 324 2690 terrenorum
357 2638 522 2706 corporum
543 2621 592 2686 vel
615 2619 794 2704 corporibus
829 2622 968 2686 locorum
1002 2622 1175 2687 mundanae
1196 2617 1331 2706 philoso-

8 2729 9 2810 ξ
129 2735 221 2820 phiae
243 2752 336 2800 sensu
357 2732 559 2797 aestimatum
582 2734 640 2799 est.
663 2731 796 2811 Lecalia,
816 2731 968 2815 inquiunt,
985 2751 1040 2798 seu
1060 2735 1182 2798 terrena
1204 2747 1332 2814 corpora

130 2851 220 2920 sunt,
245 2862 322 2929 qnae
346 2860 403 2908 sua
425 2842 661 2928 interpositione
683 2842 865 2907 distantiam
888 2860 1054 2927 corporum
1076 2843 1204 2908 faciunt.
1249 2838 1330 2907 Item

129 2961 227 3037 locus,
251 2955 406 3046 inquiunt,
431 2953 568 3038 corporis
591 2955 640 3018 est
661 2952 842 3037 incorporea
865 2953 1021 3037 capacitas
1037 2953 1248 3020 extremitates
1264 2969 1331 3018 cor·

128 3069 213 3156 poris
236 3065 388 3133 ambiens.
411 3065 452 3130 llt
473 3063 559 3149 prior
594 3063 717 3148 quidem
739 3081 905 3148 corporum
928 3065 1093 3149 descriptio
1117 3067 1174 3144 est,
1199 3080 1329 3148 sequens

129 3197 200 3246 vero
223 3180 364 3244 locorum
394 3193 568 3259 corporum.
613 3175 653 3260 Et
676 3173 887 3240 benedicitur
910 3194 1021 3259 corpus
1057 3195 1133 3256 esse,
1170 3176 1252 3259 quod
1274 3193 1331 3242 sne

128 3290 363 3377 interpositione
394 3287 575 3354 distantiam
596 3305 762 3372 corporum
794 3287 884 3367 lacit,
917 3287 1211 3371 quomodo'sagitta
1234 3287 1331 3352 missa

129 3404 223 3486 atqne
244 3407 350 3467 aerem
372 3398 528 3466 dissecans
552 3416 609 3465 sua
630 3399 866 3484 interpositione
893 3406 997 3464 adrem
1028 3396 1087 3464 sibi
1105 3399 1208 3465 locum
1224 3397 1330 3477 elficit,

129 3515 211 3580 sicut
232 3513 316 3578 alind
340 3530 460 3596 quoqne
483 3509 641 3594 quodlibet
663 3529 785 3594 corpus,
802 3514 838 3575 nt
853 3510 1059 3576 snnmlocnm
1071 3511 1183 3590 teneat,
1200 3527 1329 3592 corpora

129 3644 163 3691 se
176 3624 389 3708 contingentia
403 3621 443 3688 ab
458 3623 591 3689 invicem
606 3626 738 3707 separat,
762 3640 839 3706 quae
856 3623 980 3706 quidem
997 3620 1145 3688 distantia
1159 3638 1215 3705 pro
1233 3637 1330 3704 quan·

130 3737 220 3803 titate
238 3736 378 3822 corporis
392 3734 567 3818 interpositi
579 3735 627 3800 rel
639 3733 739 3817 major
754 3735 802 3799 vel
817 3734 919 3799 minor
933 3736 989 3812 est,
1003 3732 1063 3798 nisi
1075 3732 1112 3797 de
1124 3731 1328 3816 quantitative

129 3851 240 3936 agatur
266 3866 393 3933 corpore
415 3846 496 3932 quod
518 3847 630 3930 ipsum,
654 3845 735 3911 siout
757 3845 974 3930 incorporeum
995 3846 1053 3926 est,
1075 3842 1120 3907 ita
1142 3861 1264 3927 quoqne
1279 3861 1330 3908 ex·

129 3961 271 4029 tramites
283 3960 349 4046 ejus
362 3961 541 4045 incorporea
552 3977 615 4025 non
626 3957 796 4024 dubitatur.
805 3959 950 4026 Ceterum
961 3974 1033 4022 vera
1044 3971 1175 4040 corpora
1187 3953 1328 4020 sensibus

129 4073 265 4158 quinque
284 4071 423 4156 subjecta
444 4072 526 4138 siout
557 4071 625 4156 ipsa
647 4069 745 4136 solida
778 4073 809 4136 et
831 4087 903 4136 vera
925 4073 1000 4136 sunt
1020 4084 1159 4152 corpora,
1182 4066 1228 4132 ita
1251 4085 1327 4149 qno·

128 4205 188 4272 qne
221 4184 431 4253 extremitates
453 4203 487 4251 se
508 4181 679 4251 ambientes
714 4199 877 4267 corporeas
910 4179 1036 4247 habent.
1079 4177 1202 4245 Etenim
1237 4194 1327 4242 omne

128 4315 240 4383 corpus
262 4297 330 4362 aliis
353 4296 562 4363 extremitates
585 4313 657 4362 suae
677 4291 885 4361 ambientibus
908 4292 1024 4360 finitur.
1062 4288 1136 4358 Sive
1158 4288 1239 4356 enim
1262 4293 1326 4368 atr,

233 4511 252 4582 Ι)
269 4509 292 4567 1.
312 4509 369 4568 cu.
390 4510 433 4568 rs.
452 4511 498 4569 40.
521 4541 555 4552 -
576 4508 597 4580 1)
615 4508 637 4566 1.
658 4507 713 4564 cor.
735 4506 776 4562 rs.
796 4507 841 4564 rs.
1165 4583 1227 4654 20*
