3168 5190
1250 403 1311 470 281
1388 423 1392 435 ·

114 581 196 644 tem
219 575 285 642 ubi
307 582 394 645 erat
414 579 563 664 prius.¹)
586 579 669 645 Item
689 574 795 662 ipsel)
816 577 972 642 humanae
986 577 1018 641 in
1033 596 1066 642 se
1082 579 1211 642 naturae
1226 569 1317 662 'apud

82 675 85 688 '
114 689 248 756 Patrem
269 689 527 774 glorificationem
556 690 719 775 postulans
741 689 804 754 ait:
848 689 896 755 ht
917 706 1020 755 nuno
1042 687 1241 754 olarifioa
1262 705 1319 752 me

114 803 161 865 tu
198 801 315 867 Pater
359 802 464 887 apud
506 800 761 884 temetipsum
805 799 1003 865 claritate
1041 819 1156 883 quam
1192 797 1319 865 habui

113 912 358 996 prinsquam
390 912 562 978 mundns
593 911 715 977 fieret
737 911 841 994 apud
863 907 952 995 te.³)
996 910 1097 992 Quam
1131 911 1247 995 ntique,
1282 915 1320 978 ut

114 1025 239 1091 dietum
260 1026 318 1105 ost,
340 1024 474 1108 gloriam
495 1041 557 1088 non
580 1021 674 1088 verbo
704 1023 760 1088 sed
782 1021 867 1087 oarni
890 1039 963 1088 suae
984 1022 1004 1086 i.
1028 1042 1054 1088 e.
1081 1025 1243 1105 assumpto
1263 1023 1319 1088 ho·

116 1135 199 1200 mini
219 1132 411 1220 postulabat,
434 1150 506 1199 nam
521 1133 659 1199 Verbum
685 1151 704 1198 a
730 1151 786 1200 sua
808 1133 948 1198 claritate
963 1151 1133 1217 numquam
1148 1133 1319 1200 destiterat.

115 1245 204 1312 Dum
226 1262 299 1329 ergo
321 1261 450 1310 manens
470 1243 504 1308 in
527 1243 591 1308 suis
622 1244 663 1308 ad
684 1247 793 1310 nostra
808 1245 972 1334 ‘deseendit
1002 1246 1137 1330 dumque
1158 1249 1266 1311 nostra
1287 1248 1320 1312 in

115 1375 153 1422 so
177 1372 362 1422 conservans
395 1356 435 1420 ad
466 1355 594 1420 Patrem
615 1354 716 1434 duait,
751 1356 847 1420 immo
876 1374 947 1422 vero
971 1356 1045 1421 dum
1067 1357 1100 1421 in
1122 1357 1238 1422 nostrie
1263 1357 1318 1422 ad·

117 1465 241 1532 soondit
262 1466 302 1531 ad
323 1466 461 1547 Patrem,
494 1467 548 1551 qni
570 1467 604 1530 in
626 1466 690 1531 suis
713 1465 870 1532 deseendit
891 1466 931 1530 ad
951 1485 1025 1548 nos,
1048 1467 1185 1550 dumque
1206 1465 1318 1532 ambu-

116 1576 189 1642 lans
212 1581 244 1643 et
265 1579 395 1662 loquens
428 1579 461 1642 in
494 1577 585 1642 terris
618 1577 700 1659 apud
722 1576 849 1642 Patrem
870 1577 902 1641 in
923 1577 1016 1642 ooolis
1039 1579 1096 1656 est,
1132 1577 1213 1643 siout
1234 1596 1316 1643 nuno

116 1687 203 1770 apud
224 1687 353 1755 Patrem
374 1705 503 1754 manens
540 1685 683 1752 omnibus
706 1686 813 1752 diebus
836 1706 936 1771 usque
957 1688 996 1752 ad
1019 1687 1318 1753 consummationem

118 1799 238 1868 saoanli
272 1800 366 1866 otiam
399 1821 471 1868 oum
504 1800 569 1866 suis
605 1799 636 1863 in
663 1801 746 1863 terra
768 1801 817 1864 est
849 1799 952 1864 dicens
987 1816 1107 1882 quoque
1129 1799 1169 1864 ad
1191 1798 1319 1864 Patrem

119 1927 195 1995 ogo
216 1909 257 1974 in
279 1911 335 1978 eis
358 1915 397 1977 et
418 1914 460 1976 tu
483 1913 519 1977 in
541 1915 633 1998 mo4)
655 1913 793 1996 itemque
814 1910 953 1990 ludaeis,
977 1928 1045 1994 ego
1067 1909 1317 1992 principium

120 2020 184 2104 qni
209 2023 247 2086 ot
267 2021 413 2106 loquor
434 2022 603 2108 robia‚⁶)
637 2023 713 2108 qnid
734 2022 767 2087 in
789 2020 932 2086 omnibns
955 2019 1003 2085 his
1032 2020 1093 2085 nisi
1114 2037 1212 2104 aequa
1232 2020 1320 2085 laum

122 2149 158 2197 se
190 2131 394 2200 mediatorem
426 2133 549 2201 exhibet
584 2134 666 2200 inter
698 2133 826 2199 Patrem
858 2136 890 2198 et
922 2133 1003 2198 nos?
1045 2131 1210 2215 Unamquo
1233 2151 1266 2196 so
1288 2135 1320 2197 et

121 2243 253 2312 eandem
274 2261 440 2327 personam
470 2246 606 2312 declarat
629 2249 695 2311 tam
716 2246 749 2310 in
770 2248 878 2311 nostra
908 2259 1002 2327 quarn
1024 2243 1057 2308 iu
1080 2242 1183 2308 Patria
1207 2245 1320 2307 natura

120 2352 261 2438 nihilque
283 2372 316 2419 se
338 2355 442 2420 minus
465 2353 578 2421 habero
600 2374 635 2420 ox
657 2355 774 2420 nostris
798 2372 891 2439 quarn
913 2372 948 2418 ex
970 2353 1099 2419 Patris?

587 2742 698 2810 Gap.
717 2689 857 2796 xum

7 2845 8 2884 ³
124 2861 169 2930 lta
200 2861 399 2931 exaltatione
421 2863 551 2932 nostrae
573 2865 709 2933 namrae
739 2864 774 2933 in
805 2864 932 2933 christo
965 2865 1000 2933 in
1033 2863 1172 2952 gloriam
1202 2863 1321 2933 Patrio.

224 3048 266 3115 llo
285 3049 361 3115 haeo
383 3050 421 3115 de
440 3050 619 3117 mediatoris
634 3051 889 3137 aequilibratione
911 3051 1043 3118 diximus
1066 3055 1174 3118 eontra
1196 3051 1321 3117 illorum

124 3177 270 3240 errorem,
304 3161 357 3245 qui
379 3179 529 3246 personae
550 3162 737 3260 vocabulum
758 3166 797 3230 ad
819 3164 912 3231 Verbi
947 3166 1049 3231 solum
1071 3165 1267 3231 diuinitatem
1289 3165 1322 3231 in
1409 3232 1410 3235 ,

126 3270 248 3338 (thristo
270 3290 333 3337 non
354 3273 449 3338 etiam
468 3274 507 3339 ad
522 3276 650 3340 naturae
665 3274 819 3341 humanae
835 3273 1072 3342 subsistentiam
1087 3276 1321 3360 significandam

7 3407 8 3412 ¹
124 3383 279 3466 pertinere
300 3381 501 3464 arbitrantur,
523 3387 559 3449 ut
582 3386 656 3451 dum
673 3404 821 3469 personae
838 3405 949 3451 nornen
965 3382 1023 3451 Dei
1044 3386 1199 3470 assumpti
1214 3388 1246 3451 et
1259 3403 1322 3452 non

126 3495 286 3577 assumpto
309 3492 427 3559 bomini
448 3495 619 3578 assignant,
652 3497 745 3562 homo
777 3499 906 3563 naturae
927 3502 1053 3564 nostrae
1075 3497 1321 3584 consanguineus

126 3603 296 3670 divinitatis
318 3603 420 3671 forma
441 3605 473 3670 et
493 3607 724 3690 personalitatis
752 3607 954 3673 subsistentia
975 3609 1099 3692 penitus
1122 3625 1227 3673 exsors
1249 3625 1322 3692 por-

127 3717 259 3780 manaat.
289 3715 388 3798 Quem
410 3717 504 3782 etiam
524 3737 606 3784 nuno
628 3722 702 3804 poet
723 3718 980 3804 glorificationem
1002 3721 1171 3786 seeundum
1192 3723 1322 3786 naturae

126 3825 251 3889 nostrae
282 3821 416 3890 formam
435 3826 467 3891 in
486 3827 587 3911 gloria
619 3830 722 3894 Patris
756 3849 824 3895 osse
856 3830 1038 3911 diffitentur,
1073 3851 1108 3898 oo
1132 3833 1215 3916 quod
1237 3832 1320 3896 idem

125 3933 218 4000 homo
252 3939 359 4001 noster
380 3938 413 4001 in
436 3937 558 4004 Christo
592 3941 641 4005 vel
664 3940 806 4008 Christus
834 3940 925 4025 juxta
957 3961 1063 4008 eorum
1096 3943 1322 4026 professionem

125 4044 220 4112 etiam
241 4046 274 4112 in
295 4050 407 4114 natura
439 4049 610 4116 divinitatis
632 4070 694 4117 non
717 4053 767 4119 sit.
811 4051 856 4118 At
879 4073 945 4133 nos,
985 4055 1038 4138 qni
1066 4053 1156 4137 juxta
1188 4055 1323 4138 apostoli

125 4153 217 4222 Panll
250 4157 424 4224 doctrinam
446 4159 605 4229 Christum
639 4165 809 4230 secuudum
842 4181 966 4230 earnem
992 4163 1112 4231 sautum
1133 4166 1199 4232 Deo
1221 4163 1321 4230 filium

228 4387 249 4459 ¹)
267 4391 339 4444 ioan.
358 4392 384 4446 6.
403 4391 447 4446 63.
470 4419 503 4430 -
525 4390 545 4462 ²)
562 4395 618 4449 aod.
638 4397 694 4461 ipso
713 4395 752 4448 de
770 4395 896 4448 humanae
913 4397 940 4448 in
954 4412 981 4448 ae
994 4413 1017 4450 a.
1030 4397 1060 4450 P.
1074 4397 1282 4462 glorifioationem
1294 4412 1320 4466 p.

128 4517 161 4528 -
182 4487 203 4558 ⁸)
224 4489 297 4544 toan.
318 4489 362 4547 17.
381 4489 406 4546 5.
433 4519 467 4530 -
486 4488 509 4560 ⁴)
528 4491 601 4547 loon.
622 4491 664 4548 17.
684 4492 729 4548 23.
751 4521 783 4532 -
806 4489 825 4560 ⁵)
844 4493 915 4547 ioan.
934 4493 960 4548 8.
980 4495 1023 4551 25.
