3172 5202
231 374 295 438 112

230 546 327 611 immo
350 561 422 610 vero
445 549 481 607 ut
498 521 613 608 ¹aurum
636 542 855 624 clangendum
877 537 965 604 vobis
986 536 1202 622 multiplicetis
1225 543 1257 607 et
1279 541 1438 608 Dominus

234 655 341 721 videns
363 653 440 719 hacc
462 672 524 718 non
542 650 722 736 judicabit?
756 648 912 717 Iudicabit
933 650 1024 734 plano
1042 650 1184 734 justitian
1208 653 1262 718 sed
1285 673 1357 719 cum
1378 671 1435 719 ac·

232 765 350 850 ceperit
370 766 506 848 tompus,
529 762 673 828 videlicet
694 781 767 829 oum
789 762 911 828 vostrae
922 760 1102 845 iniquitates
1119 763 1237 831 fuerint
1252 764 1439 849 completae.

230 878 316 960 Quas
349 894 406 960 ego
437 872 579 958 valjam
605 873 776 957 completae
804 872 854 938 vel
882 872 921 937 de
942 873 1085 956 proximo
1112 876 1303 960 completum
1324 873 1364 940 iri
1385 891 1441 942 ar-

228 985 338 1054 bitror.
361 985 518 1054 dravatur
541 983 624 1051 enim
649 982 717 1067 J'am
739 1002 809 1050 ecce
832 981 1099 1068 universatem,
1132 987 1308 1054 factumst
1334 984 1440 1051 aram·

230 1097 309 1164 tiam
330 1097 545 1166 Romanorum
565 1095 645 1162 ferre
667 1112 730 1162 nou
752 1089 952 1177 sustinene.¹)

696 1557 807 1627 Gap.
825 1556 970 1617 LVII.

575 1709 622 1777 lle
644 1711 760 1779 exortu
781 1710 858 1779 novi
879 1707 1101 1796 schismatisl)

332 1893 425 1961 Unde
447 1895 526 1962 mihi
547 1896 671 1963 videtur
693 1897 752 1962 hoc
773 1898 878 1982 ipsum
900 1916 968 1964 esse
990 1897 1029 1962 do
1046 1894 1164 1981 judicic
1189 1895 1248 1963 Dei
1270 1897 1354 1962 ultra
1374 1895 1438 1962 ini·

232 2007 368 2090 quitates
390 2006 530 2090 ipsorum
553 2007 708 2074 sustinere
729 2026 792 2072 non
814 2007 964 2088 valentis,
995 2007 1078 2091 quod
1107 2009 1215 2073 nostro
1238 2006 1438 2091 intempore

232 2120 265 2183 in
286 2118 427 2183 Romana
450 2118 581 2184 ecclesia
602 2120 678 2185 talia
700 2121 868 2202 erumpunt
890 2117 1070 2200 schismata,
1094 2117 1197 2202 qualia
1211 2134 1273 2182 non
1289 2121 1363 2183 sunt
1377 2135 1439 2191 au,-

232 2229 297 2294 dita
329 2247 386 2294 nec
419 2227 487 2294 visa
515 2228 547 2294 in
580 2228 635 2294 illa
666 2228 852 2313 praesertim
881 2227 1011 2294 ecclesia
1042 2247 1078 2294 cr
1099 2247 1161 2311 quo
1184 2227 1346 2294 christiani
1367 2247 1441 2294 esse

232 2342 411 2424 coeperunt.
445 2337 519 2405 Non
540 2358 622 2406 nunc
645 2339 683 2404 de
704 2337 884 2404 haeresibus
914 2338 1035 2422 loquor,
1063 2356 1144 2422 quae
1165 2338 1353 2405 catholicam
1373 2338 1440 2403 im·

232 2453 449 2536 pugnauerunt
469 2449 619 2517 hactenus
653 2452 817 2518 ueritatem
839 2451 894 2518 sed
916 2451 953 2516 de
975 2450 1208 2532 schismatibus,
1232 2467 1311 2535 quaa
1327 2448 1443 2516 catho-

231 2561 324 2626 licam
347 2561 500 2645 dissipant
521 2561 686 2629 unitatem.
720 2562 758 2627 In
781 2561 920 2646 quolibet
941 2566 1048 2627 autem
1070 2561 1257 2642 schismata,
1288 2561 1371 2645 quod
1391 2560 1437 2626 ad

232 2677 341 2738 nostra
373 2693 473 2758 usque
506 2677 648 2758 tempora
675 2673 862 2740 catholicam
889 2673 1028 2739 scindere
1058 2673 1246 2741 moliebatur
1269 2672 1436 2752 unitatem,

233 2782 335 2864 facile,
357 2787 439 2868 quod
462 2804 556 2870 supra
579 2803 703 2869 quoque
725 2783 899 2864 docuimus,
922 2788 990 2849 erat
1005 2784 1178 2851 discerncre
1193 2800 1346 2868 quaenam
1360 2798 1438 2867 pars

233 2893 265 2958 in
288 2895 473 2961 catholicam
495 2899 579 2963 esset
600 2895 762 2962 ecclesiam
785 2899 817 2960 et
840 2912 918 2979 quae
939 2895 973 2959 in
995 2895 1149 2962 haeresim
1171 2893 1352 2980 reputanda,
1377 2891 1442 2958 oxi-

235 3003 391 3071 stentibus
414 3006 564 3072 nimirum
586 3007 689 3073 causis
712 3006 900 3087 manifestis,
923 3025 980 3091 pro
1004 3007 1117 3092 quibus
1140 3007 1216 3073 haec
1239 3005 1365 3072 cuilibet
1387 3019 1445 3068 ca·

235 3115 349 3182 tholico
372 3117 561 3200 acceptanda
582 3119 680 3182 alteru
702 3135 773 3183 vero
797 3116 990 3184 detestabilis
1014 3119 1169 3199 adstaret,
1192 3118 1275 3185 siout
1295 3116 1328 3182 in
1350 3115 1442 3182 Wie-

234 3226 407 3311 pertiniauc
432 3228 602 3311 eodemque
624 3226 811 3294 Henriciano
840 3231 872 3294 et
893 3229 1087 3295 Burdiniano
1116 3231 1210 3295 etiam
1232 3228 1300 3314 ipso
1323 3225 1443 3293 Henri·

234 3337 322 3404 cieno
345 3357 401 3404 nec
422 3356 486 3403 non
507 3339 540 3404 in
564 3339 774 3405 Petrileonlno
804 3339 973 3407 schismate
994 3342 1154 3408 advertere
1175 3343 1357 3426 promptum
1378 3342 1440 3406 est.

235 3450 279 3514 At
299 3467 381 3514 nunc
401 3449 435 3514 in
457 3449 625 3516 schismate
647 3452 685 3517 de
706 3451 857 3518 electione
879 3452 1012 3518 Romani
1033 3451 1188 3536 pontificis
1212 3455 1327 3531 exorto,
1353 3451 1442 3535 quod

230 3558 299 3642 jem
321 3578 384 3625 non
407 3561 509 3627 solum
531 3560 641 3628 urbem
663 3563 718 3628 sed
741 3565 773 3628 ot
794 3561 975 3628 Romanum
997 3567 1088 3629 vexat
1103 3564 1221 3644 orbem,
1243 3564 1289 3629 ita
1311 3563 1443 3627 conten·

235 3671 315 3737 tiose
333 3670 466 3737 invicem
488 3676 592 3756 partes
616 3676 766 3758 utraeque
787 3676 979 3754 convertant
1007 3676 1157 3759 tantaque
1180 3692 1214 3740 sc
1236 3669 1443 3740 multitudine

235 3780 402 3848 hincinde
424 3783 588 3868 muniunt,
623 3787 659 3852 ut
689 3804 761 3852 oum
789 3786 851 3852 duc
874 3785 938 3852 siut
958 3784 1093 3851 Romani
1115 3784 1284 3851 Pontifices
1307 3782 1381 3849 dicti
1404 3787 1441 3849 et

236 3893 407 3961 consecrati
436 3912 498 3961 non
527 3896 632 3978 facile,
667 3897 774 3964 nisio
801 3897 890 3964 valde
917 3895 1121 3982 prudentibus
1152 3896 1226 3963 viris
1252 3899 1285 3962 et
1306 3894 1383 3962 nihil
1405 3893 1442 3962 in

341 4162 360 4228 ¹)
381 4163 470 4217 Glossa
488 4163 637 4228 marginalis
655 4160 689 4214 ab
714 4177 778 4214 auno
798 4161 870 4218 1525
889 4165 915 4216 in
934 4164 1048 4229 margine
1067 4162 1164 4217 codicis
1183 4163 1318 4230 adjungit:
1337 4160 1442 4215 Modo

382 4263 558 4330 completa
578 4266 632 4314 est
650 4263 837 4328 iniquitas.

339 4357 359 4429 ¹¹)
378 4361 447 4412 Vide
466 4361 514 4412 hoc
533 4360 674 4426 capitulum
693 4359 807 4412 editum:
832 4360 945 4413 Gnetscri
973 4361 997 4414 S.
1019 4361 1042 4416 l.
1063 4360 1148 4428 Opera
1170 4363 1262 4418 orurria.
1283 4358 1440 4414 litatisbonae

382 4455 593 4514 nnddxxxv.
613 4463 670 4511 tom.
691 4456 737 4512 VI.
758 4475 783 4525 p.
802 4456 865 4514 586.
