<?xml version="1.0" encoding="UTF-8"?>
<!DOCTYPE html PUBLIC "-//W3C//DTD XHTML 1.0 Transitional//EN"
    "http://www.w3.org/TR/xhtml1/DTD/xhtml1-transitional.dtd">
<html xmlns="http://www.w3.org/1999/xhtml" xml:lang="en" lang="en">
 <head>
  <title>
</title>
<meta http-equiv="Content-Type" content="text/html;charset=utf-8" />
  <meta name='ocr-system' content='tesseract 3.04.00' />
  <meta name='ocr-capabilities' content='ocr_page ocr_carea ocr_par ocr_line ocrx_word'/>
</head>
<body>
  <div class='ocr_page' id='page_1' title='image "./operahactenusin00schegoog_0171.png"; bbox 0 0 3172 5202; ppageno 0'>
   <div class='ocr_carea' id='block_1_1' title="bbox 249 453 311 520">
    <p class='ocr_par' dir='ltr' id='par_1_1' title="bbox 249 453 311 520">
     <span class='ocr_line' id='line_1_1' title="bbox 249 453 311 520; baseline -0.032 0"><span class='ocrx_word' id='word_1_1' title='bbox 249 453 311 520; x_wconf 82' lang='lat'>156</span> 
     </span>
    </p>
   </div>
   <div class='ocr_carea' id='block_1_2' title="bbox 246 620 1461 1268">
    <p class='ocr_par' dir='ltr' id='par_1_2' title="bbox 246 620 1461 1268">
     <span class='ocr_line' id='line_1_2' title="bbox 247 620 1461 708; baseline -0.003 -18"><span class='ocrx_word' id='word_1_2' title='bbox 247 625 325 708; x_wconf 92' lang='lat' dir='ltr'>petit</span> <span class='ocrx_word' id='word_1_3' title='bbox 348 623 401 707; x_wconf 88' lang='lat' dir='ltr'>qui</span> <span class='ocrx_word' id='word_1_4' title='bbox 422 639 531 708; x_wconf 89' lang='lat' dir='ltr'>parem</span> <span class='ocrx_word' id='word_1_5' title='bbox 555 641 648 707; x_wconf 86' lang='lat' dir='ltr'>super</span> <span class='ocrx_word' id='word_1_6' title='bbox 680 625 796 690; x_wconf 90' lang='lat' dir='ltr'>terram</span> <span class='ocrx_word' id='word_1_7' title='bbox 818 640 881 690; x_wconf 90' lang='lat' dir='ltr'>non</span> <span class='ocrx_word' id='word_1_8' title='bbox 902 620 1024 690; x_wconf 79' lang='lat' dir='ltr'>habes?</span> <span class='ocrx_word' id='word_1_9' title='bbox 1066 621 1128 690; x_wconf 82' lang='lat' dir='ltr'>sed</span> <span class='ocrx_word' id='word_1_10' title='bbox 1150 625 1187 690; x_wconf 88' lang='lat' dir='ltr'>tu</span> <span class='ocrx_word' id='word_1_11' title='bbox 1209 622 1379 692; x_wconf 83' lang='lat' dir='ltr'>secundum</span> <span class='ocrx_word' id='word_1_12' title='bbox 1401 636 1461 686; x_wconf 87' lang='lat' dir='ltr'>ea-</span> 
     </span>
     <span class='ocr_line' id='line_1_3' title="bbox 246 730 1458 820; baseline -0.001 -21"><span class='ocrx_word' id='word_1_13' title='bbox 246 734 397 818; x_wconf 77' lang='lat' dir='ltr'>pientiam</span> <span class='ocrx_word' id='word_1_14' title='bbox 418 737 450 799; x_wconf 94' lang='lat' dir='ltr'>et</span> <span class='ocrx_word' id='word_1_15' title='bbox 471 736 662 819; x_wconf 88' lang='lat' dir='ltr'>potestatem</span> <span class='ocrx_word' id='word_1_16' title='bbox 696 734 803 800; x_wconf 89' lang='lat' dir='ltr'>datam</span> <span class='ocrx_word' id='word_1_17' title='bbox 834 734 896 802; x_wconf 92' lang='lat' dir='ltr'>tibi</span> <span class='ocrx_word' id='word_1_18' title='bbox 931 734 1064 820; x_wconf 78' lang='lat' dir='ltr'>desuper</span> <span class='ocrx_word' id='word_1_19' title='bbox 1085 734 1181 802; x_wconf 85' lang='lat' dir='ltr'>iacies</span> <span class='ocrx_word' id='word_1_20' title='bbox 1203 734 1243 802; x_wconf 87' lang='lat' dir='ltr'>de</span> <span class='ocrx_word' id='word_1_21' title='bbox 1263 733 1333 801; x_wconf 86' lang='lat' dir='ltr'>hoo.</span> <span class='ocrx_word' id='word_1_22' title='bbox 1377 730 1458 800; x_wconf 78' lang='lat' dir='ltr'>lion</span> 
     </span>
     <span class='ocr_line' id='line_1_4' title="bbox 248 840 1461 931; baseline -0.001 -19"><span class='ocrx_word' id='word_1_23' title='bbox 248 850 297 912; x_wconf 92' lang='lat' dir='ltr'>est</span> <span class='ocrx_word' id='word_1_24' title='bbox 318 863 406 912; x_wconf 88' lang='lat' dir='ltr'>meae</span> <span class='ocrx_word' id='word_1_25' title='bbox 427 844 616 912; x_wconf 89' lang='lat' dir='ltr'>humilitatis</span> <span class='ocrx_word' id='word_1_26' title='bbox 651 844 769 912; x_wconf 86' lang='lat' dir='ltr'>dictare</span> <span class='ocrx_word' id='word_1_27' title='bbox 791 844 849 912; x_wconf 90' lang='lat' dir='ltr'>tibi</span> <span class='ocrx_word' id='word_1_28' title='bbox 872 845 917 913; x_wconf 89' lang='lat' dir='ltr'>sio</span> <span class='ocrx_word' id='word_1_29' title='bbox 940 848 988 913; x_wconf 89' lang='lat' dir='ltr'>rel</span> <span class='ocrx_word' id='word_1_30' title='bbox 1012 845 1056 912; x_wconf 86' lang='lat' dir='ltr'>sic</span> <span class='ocrx_word' id='word_1_31' title='bbox 1078 844 1146 912; x_wconf 85' lang='lat' dir='ltr'>fieri</span> <span class='ocrx_word' id='word_1_32' title='bbox 1169 845 1349 931; x_wconf 68' lang='lat' dir='ltr'>quicquam</span> <span class='ocrx_word' id='word_1_33' title='bbox 1386 840 1461 912; x_wconf 76' lang='lat' dir='ltr'>suf·</span> 
     </span>
     <span class='ocr_line' id='line_1_5' title="bbox 249 957 1461 1043; baseline -0.003 -19"><span class='ocrx_word' id='word_1_34' title='bbox 249 958 315 1024; x_wconf 85' lang='lat' dir='ltr'>licit</span> <span class='ocrx_word' id='word_1_35' title='bbox 336 957 498 1025; x_wconf 72' lang='lat' dir='ltr'><strong>intimasse</strong></span> <span class='ocrx_word' id='word_1_36' title='bbox 534 960 676 1042; x_wconf 73' lang='lat' dir='ltr'>oportere</span> <span class='ocrx_word' id='word_1_37' title='bbox 707 958 825 1043; x_wconf 85' lang='lat' dir='ltr'>aliquid</span> <span class='ocrx_word' id='word_1_38' title='bbox 857 958 925 1025; x_wconf 88' lang='lat' dir='ltr'>lieri</span> <span class='ocrx_word' id='word_1_39' title='bbox 958 959 1038 1025; x_wconf 93' lang='lat' dir='ltr'>unde</span> <span class='ocrx_word' id='word_1_40' title='bbox 1062 961 1094 1024; x_wconf 92' lang='lat' dir='ltr'>et</span> <span class='ocrx_word' id='word_1_41' title='bbox 1116 957 1246 1026; x_wconf 86' lang='lat' dir='ltr'>ecclesia</span> <span class='ocrx_word' id='word_1_42' title='bbox 1266 957 1400 1024; x_wconf 87' lang='lat' dir='ltr'>laetetur</span> <span class='ocrx_word' id='word_1_43' title='bbox 1420 958 1461 1020; x_wconf 90' lang='lat' dir='ltr'>et</span> 
     </span>
     <span class='ocr_line' id='line_1_6' title="bbox 249 1065 1461 1156; baseline -0.002 -22"><span class='ocrx_word' id='word_1_44' title='bbox 249 1067 429 1137; x_wconf 88' lang='lat' dir='ltr'>obstruatur</span> <span class='ocrx_word' id='word_1_45' title='bbox 451 1089 485 1146; x_wconf 82' lang='lat' dir='ltr'>cs</span> <span class='ocrx_word' id='word_1_46' title='bbox 514 1070 709 1156; x_wconf 91' lang='lat' dir='ltr'>loquentium</span> <span class='ocrx_word' id='word_1_47' title='bbox 738 1070 874 1155; x_wconf 87' lang='lat' dir='ltr'>iniqua.“</span> <span class='ocrx_word' id='word_1_48' title='bbox 923 1105 962 1116; x_wconf 93' lang='lat'>-</span> <span class='ocrx_word' id='word_1_49' title='bbox 1007 1069 1092 1137; x_wconf 88' lang='lat' dir='ltr'>Haeo</span> <span class='ocrx_word' id='word_1_50' title='bbox 1129 1067 1226 1136; x_wconf 88' lang='lat' dir='ltr'>abbas</span> <span class='ocrx_word' id='word_1_51' title='bbox 1263 1065 1461 1136; x_wconf 73' lang='lat' dir='ltr'>claraevallis</span> 
     </span>
     <span class='ocr_line' id='line_1_7' title="bbox 249 1181 422 1268; baseline 0.017 -21"><span class='ocrx_word' id='word_1_52' title='bbox 249 1201 341 1268; x_wconf 90' lang='lat' dir='ltr'>super</span> <span class='ocrx_word' id='word_1_53' title='bbox 364 1181 422 1250; x_wconf 89' lang='lat' dir='ltr'>his.</span> 
     </span>
    </p>
   </div>
   <div class='ocr_carea' id='block_1_3' title="bbox 490 1383 1204 1601">
    <p class='ocr_par' dir='ltr' id='par_1_3' title="bbox 490 1383 1204 1601">
     <span class='ocr_line' id='line_1_8' title="bbox 687 1383 1025 1454; baseline -0.006 -12"><span class='ocrx_word' id='word_1_54' title='bbox 687 1386 797 1454; x_wconf 80' lang='lat' dir='ltr'>cap.</span> <span class='ocrx_word' id='word_1_55' title='bbox 818 1383 1025 1440; x_wconf 57' lang='lat' dir='ltr'>rrxxlx.</span> 
     </span>
     <span class='ocr_line' id='line_1_9' title="bbox 490 1506 1204 1601; baseline -0.01 -21"><span class='ocrx_word' id='word_1_56' title='bbox 490 1509 650 1589; x_wconf 76' lang='lat' dir='ltr'>Quaedam</span> <span class='ocrx_word' id='word_1_57' title='bbox 676 1509 829 1601; x_wconf 81' lang='lat' dir='ltr'>prodigia</span> <span class='ocrx_word' id='word_1_58' title='bbox 851 1510 885 1577; x_wconf 90' lang='lat' dir='ltr'>et</span> <span class='ocrx_word' id='word_1_59' title='bbox 907 1509 1005 1596; x_wconf 81' lang='lat' dir='ltr'>signa</span> <span class='ocrx_word' id='word_1_60' title='bbox 1026 1506 1204 1578; x_wconf 86' lang='lat' dir='ltr'>mendacia.</span> 
     </span>
    </p>
   </div>
   <div class='ocr_carea' id='block_1_4' title="bbox 242 1669 1460 4326">
    <p class='ocr_par' dir='ltr' id='par_1_4' title="bbox 242 1669 1460 4326">
     <span class='ocr_line' id='line_1_10' title="bbox 348 1669 1458 1761; baseline -0.005 -20"><span class='ocrx_word' id='word_1_61' title='bbox 348 1671 411 1741; x_wconf 84' lang='lat' dir='ltr'>Sed</span> <span class='ocrx_word' id='word_1_62' title='bbox 434 1678 465 1742; x_wconf 88' lang='lat' dir='ltr'>et</span> <span class='ocrx_word' id='word_1_63' title='bbox 486 1693 553 1756; x_wconf 81' lang='lat' dir='ltr'>nos,</span> <span class='ocrx_word' id='word_1_64' title='bbox 578 1675 719 1761; x_wconf 82' lang='lat' dir='ltr'>quamuis</span> <span class='ocrx_word' id='word_1_65' title='bbox 742 1676 1012 1758; x_wconf 76' lang='lat' dir='ltr'>ierosolymorum</span> <span class='ocrx_word' id='word_1_66' title='bbox 1035 1693 1128 1758; x_wconf 90' lang='lat' dir='ltr'>super</span> <span class='ocrx_word' id='word_1_67' title='bbox 1148 1673 1198 1738; x_wconf 87' lang='lat' dir='ltr'>his</span> <span class='ocrx_word' id='word_1_68' title='bbox 1220 1671 1386 1738; x_wconf 88' lang='lat' dir='ltr'>avaritiam</span> <span class='ocrx_word' id='word_1_69' title='bbox 1407 1669 1458 1735; x_wconf 90' lang='lat' dir='ltr'>in-</span> 
     </span>
     <span class='ocr_line' id='line_1_11' title="bbox 246 1782 1460 1872; baseline -0.004 -20"><span class='ocrx_word' id='word_1_70' title='bbox 246 1801 403 1866; x_wconf 85' lang='lat' dir='ltr'>cusamus,</span> <span class='ocrx_word' id='word_1_71' title='bbox 424 1790 549 1855; x_wconf 88' lang='lat' dir='ltr'>nostros</span> <span class='ocrx_word' id='word_1_72' title='bbox 571 1807 700 1872; x_wconf 88' lang='lat' dir='ltr'>prorsus</span> <span class='ocrx_word' id='word_1_73' title='bbox 721 1805 868 1858; x_wconf 83' lang='lat' dir='ltr'>excusare</span> <span class='ocrx_word' id='word_1_74' title='bbox 881 1804 944 1853; x_wconf 92' lang='lat' dir='ltr'>non</span> <span class='ocrx_word' id='word_1_75' title='bbox 958 1804 1137 1871; x_wconf 89' lang='lat' dir='ltr'>possumus.</span> <span class='ocrx_word' id='word_1_76' title='bbox 1160 1782 1244 1850; x_wconf 86' lang='lat' dir='ltr'>Nam</span> <span class='ocrx_word' id='word_1_77' title='bbox 1267 1783 1340 1868; x_wconf 91' lang='lat' dir='ltr'>quia</span> <span class='ocrx_word' id='word_1_78' title='bbox 1363 1800 1460 1866; x_wconf 84' lang='lat' dir='ltr'>saepe</span> 
     </span>
     <span class='ocr_line' id='line_1_12' title="bbox 246 1892 1458 1983; baseline -0.002 -21"><span class='ocrx_word' id='word_1_79' title='bbox 246 1898 444 1982; x_wconf 90' lang='lat' dir='ltr'>multumque</span> <span class='ocrx_word' id='word_1_80' title='bbox 475 1898 653 1983; x_wconf 86' lang='lat' dir='ltr'>euangelica</span> <span class='ocrx_word' id='word_1_81' title='bbox 674 1896 788 1964; x_wconf 88' lang='lat' dir='ltr'>imbuti</span> <span class='ocrx_word' id='word_1_82' title='bbox 811 1897 963 1978; x_wconf 85' lang='lat' dir='ltr'>doctrina,</span> <span class='ocrx_word' id='word_1_83' title='bbox 998 1900 1149 1982; x_wconf 89' lang='lat' dir='ltr'>quatenus</span> <span class='ocrx_word' id='word_1_84' title='bbox 1184 1893 1288 1960; x_wconf 90' lang='lat' dir='ltr'>sobrie</span> <span class='ocrx_word' id='word_1_85' title='bbox 1309 1911 1346 1960; x_wconf 90' lang='lat' dir='ltr'>ac</span> <span class='ocrx_word' id='word_1_86' title='bbox 1364 1892 1458 1979; x_wconf 88' lang='lat' dir='ltr'>juste</span> 
     </span>
     <span class='ocr_line' id='line_1_13' title="bbox 246 2004 1457 2095; baseline -0.005 -21"><span class='ocrx_word' id='word_1_87' title='bbox 246 2011 278 2074; x_wconf 94' lang='lat' dir='ltr'>et</span> <span class='ocrx_word' id='word_1_88' title='bbox 297 2009 348 2093; x_wconf 93' lang='lat' dir='ltr'>pie</span> <span class='ocrx_word' id='word_1_89' title='bbox 370 2009 518 2090; x_wconf 87' lang='lat' dir='ltr'>virerent,</span> <span class='ocrx_word' id='word_1_90' title='bbox 541 2027 603 2075; x_wconf 94' lang='lat' dir='ltr'>non</span> <span class='ocrx_word' id='word_1_91' title='bbox 626 2011 809 2095; x_wconf 89' lang='lat' dir='ltr'>receperant</span> <span class='ocrx_word' id='word_1_92' title='bbox 830 2010 994 2075; x_wconf 89' lang='lat' dir='ltr'>caritatem</span> <span class='ocrx_word' id='word_1_93' title='bbox 1016 2006 1157 2074; x_wconf 86' lang='lat' dir='ltr'>ueritatis</span> <span class='ocrx_word' id='word_1_94' title='bbox 1180 2010 1217 2073; x_wconf 91' lang='lat' dir='ltr'>ut</span> <span class='ocrx_word' id='word_1_95' title='bbox 1238 2005 1318 2073; x_wconf 84' lang='lat' dir='ltr'>salui</span> <span class='ocrx_word' id='word_1_96' title='bbox 1331 2004 1457 2083; x_wconf 83' lang='lat' dir='ltr'>tierent,</span> 
     </span>
     <span class='ocr_line' id='line_1_14' title="bbox 246 2114 1460 2204; baseline -0.006 -19"><span class='ocrx_word' id='word_1_97' title='bbox 246 2120 315 2186; x_wconf 92' lang='lat' dir='ltr'>ideo</span> <span class='ocrx_word' id='word_1_98' title='bbox 337 2119 424 2186; x_wconf 90' lang='lat' dir='ltr'>misit</span> <span class='ocrx_word' id='word_1_99' title='bbox 447 2121 491 2185; x_wconf 87' lang='lat' dir='ltr'>eis</span> <span class='ocrx_word' id='word_1_100' title='bbox 513 2120 599 2186; x_wconf 89' lang='lat' dir='ltr'>Deus</span> <span class='ocrx_word' id='word_1_101' title='bbox 623 2120 833 2204; x_wconf 80' lang='lat' dir='ltr'>operationem</span> <span class='ocrx_word' id='word_1_102' title='bbox 854 2120 977 2201; x_wconf 86' lang='lat' dir='ltr'>erroris,</span> <span class='ocrx_word' id='word_1_103' title='bbox 1000 2123 1037 2185; x_wconf 92' lang='lat' dir='ltr'>ut</span> <span class='ocrx_word' id='word_1_104' title='bbox 1058 2119 1218 2185; x_wconf 85' lang='lat' dir='ltr'>crederent</span> <span class='ocrx_word' id='word_1_105' title='bbox 1239 2114 1399 2183; x_wconf 85' lang='lat' dir='ltr'>mendacio</span> <span class='ocrx_word' id='word_1_106' title='bbox 1421 2115 1460 2179; x_wconf 91' lang='lat' dir='ltr'>et</span> 
     </span>
     <span class='ocr_line' id='line_1_15' title="bbox 242 2228 1460 2316; baseline -0.006 -19"><span class='ocrx_word' id='word_1_107' title='bbox 242 2231 457 2316; x_wconf 89' lang='lat' dir='ltr'>judicarentur</span> <span class='ocrx_word' id='word_1_108' title='bbox 492 2248 598 2296; x_wconf 89' lang='lat' dir='ltr'>omnes</span> <span class='ocrx_word' id='word_1_109' title='bbox 623 2232 761 2316; x_wconf 92' lang='lat' dir='ltr'>quinon</span> <span class='ocrx_word' id='word_1_110' title='bbox 783 2232 977 2298; x_wconf 77' lang='lat' dir='ltr'>crediderant</span> <span class='ocrx_word' id='word_1_111' title='bbox 1015 2229 1140 2296; x_wconf 86' lang='lat' dir='ltr'>veritati</span> <span class='ocrx_word' id='word_1_112' title='bbox 1162 2229 1217 2295; x_wconf 92' lang='lat' dir='ltr'>sed</span> <span class='ocrx_word' id='word_1_113' title='bbox 1234 2228 1460 2294; x_wconf 81' lang='lat' dir='ltr'>consenserant</span> 
     </span>
     <span class='ocr_line' id='line_1_16' title="bbox 246 2339 1459 2431; baseline -0.007 -22"><span class='ocrx_word' id='word_1_114' title='bbox 246 2343 445 2431; x_wconf 85' lang='lat' dir='ltr'>iniquitati.²)</span> <span class='ocrx_word' id='word_1_115' title='bbox 468 2342 553 2409; x_wconf 88' lang='lat' dir='ltr'>Nam</span> <span class='ocrx_word' id='word_1_116' title='bbox 568 2347 599 2408; x_wconf 94' lang='lat' dir='ltr'>et</span> <span class='ocrx_word' id='word_1_117' title='bbox 615 2343 705 2428; x_wconf 85' lang='lat' dir='ltr'>signa</span> <span class='ocrx_word' id='word_1_118' title='bbox 719 2346 813 2428; x_wconf 85' lang='lat' dir='ltr'>atque</span> <span class='ocrx_word' id='word_1_119' title='bbox 836 2343 978 2428; x_wconf 89' lang='lat' dir='ltr'>prodigia</span> <span class='ocrx_word' id='word_1_120' title='bbox 1000 2341 1160 2408; x_wconf 89' lang='lat' dir='ltr'>mendacia</span> <span class='ocrx_word' id='word_1_121' title='bbox 1182 2339 1291 2406; x_wconf 91' lang='lat' dir='ltr'>eodem</span> <span class='ocrx_word' id='word_1_122' title='bbox 1314 2341 1459 2422; x_wconf 89' lang='lat' dir='ltr'>tempore</span> 
     </span>
     <span class='ocr_line' id='line_1_17' title="bbox 246 2449 1456 2541; baseline -0.004 -21"><span class='ocrx_word' id='word_1_123' title='bbox 246 2473 308 2520; x_wconf 93' lang='lat' dir='ltr'>non</span> <span class='ocrx_word' id='word_1_124' title='bbox 331 2455 505 2537; x_wconf 84' lang='lat' dir='ltr'>defuerunt,</span> <span class='ocrx_word' id='word_1_125' title='bbox 540 2473 618 2541; x_wconf 88' lang='lat' dir='ltr'>quae</span> <span class='ocrx_word' id='word_1_126' title='bbox 639 2457 747 2522; x_wconf 72' lang='lat' dir='ltr'>a‘Deo</span> <span class='ocrx_word' id='word_1_127' title='bbox 769 2476 825 2541; x_wconf 89' lang='lat' dir='ltr'>per</span> <span class='ocrx_word' id='word_1_128' title='bbox 847 2457 1000 2540; x_wconf 86' lang='lat' dir='ltr'>quosdam</span> <span class='ocrx_word' id='word_1_129' title='bbox 1029 2456 1114 2522; x_wconf 90' lang='lat' dir='ltr'>illius</span> <span class='ocrx_word' id='word_1_130' title='bbox 1136 2451 1335 2540; x_wconf 86' lang='lat' dir='ltr'>tempestatis</span> <span class='ocrx_word' id='word_1_131' title='bbox 1360 2449 1456 2534; x_wconf 82' lang='lat' dir='ltr'>uiros,</span> 
     </span>
     <span class='ocr_line' id='line_1_18' title="bbox 245 2561 1459 2651; baseline -0.006 -19"><span class='ocrx_word' id='word_1_132' title='bbox 245 2585 303 2651; x_wconf 91' lang='lat' dir='ltr'>per</span> <span class='ocrx_word' id='word_1_133' title='bbox 324 2567 477 2651; x_wconf 89' lang='lat' dir='ltr'>quosdam</span> <span class='ocrx_word' id='word_1_134' title='bbox 509 2568 605 2634; x_wconf 92' lang='lat' dir='ltr'>etiam</span> <span class='ocrx_word' id='word_1_135' title='bbox 636 2568 721 2635; x_wconf 89' lang='lat' dir='ltr'>illius</span> <span class='ocrx_word' id='word_1_136' title='bbox 754 2569 822 2634; x_wconf 86' lang='lat' dir='ltr'>riae</span> <span class='ocrx_word' id='word_1_137' title='bbox 855 2567 1084 2651; x_wconf 88' lang='lat' dir='ltr'>perditissimae</span> <span class='ocrx_word' id='word_1_138' title='bbox 1113 2563 1215 2630; x_wconf 87' lang='lat' dir='ltr'>socios</span> <span class='ocrx_word' id='word_1_139' title='bbox 1248 2561 1459 2646; x_wconf 85' lang='lat' dir='ltr'>multiplicata</span> 
     </span>
     <span class='ocr_line' id='line_1_19' title="bbox 247 2671 1456 2760; baseline -0.005 -16"><span class='ocrx_word' id='word_1_140' title='bbox 247 2680 330 2760; x_wconf 87' lang='lat' dir='ltr'>sunt,</span> <span class='ocrx_word' id='word_1_141' title='bbox 353 2681 390 2744; x_wconf 90' lang='lat' dir='ltr'>ut</span> <span class='ocrx_word' id='word_1_142' title='bbox 405 2679 522 2746; x_wconf 89' lang='lat' dir='ltr'>eisdem</span> <span class='ocrx_word' id='word_1_143' title='bbox 536 2678 747 2746; x_wconf 87' lang='lat' dir='ltr'>mirabiliariis</span> <span class='ocrx_word' id='word_1_144' title='bbox 769 2676 959 2744; x_wconf 88' lang='lat' dir='ltr'>irruentibus</span> <span class='ocrx_word' id='word_1_145' title='bbox 982 2676 1132 2743; x_wconf 88' lang='lat' dir='ltr'>nimirum</span> <span class='ocrx_word' id='word_1_146' title='bbox 1153 2675 1194 2741; x_wconf 91' lang='lat' dir='ltr'>ad</span> <span class='ocrx_word' id='word_1_147' title='bbox 1216 2692 1269 2739; x_wconf 91' lang='lat' dir='ltr'>ees</span> <span class='ocrx_word' id='word_1_148' title='bbox 1291 2671 1393 2740; x_wconf 89' lang='lat' dir='ltr'>turbis</span> <span class='ocrx_word' id='word_1_149' title='bbox 1415 2687 1456 2738; x_wconf 87' lang='lat' dir='ltr'>ao</span> 
     </span>
     <span class='ocr_line' id='line_1_20' title="bbox 247 2783 1457 2877; baseline -0.005 -22"><span class='ocrx_word' id='word_1_150' title='bbox 247 2788 337 2874; x_wconf 81' lang='lat' dir='ltr'>signa</span> <span class='ocrx_word' id='word_1_151' title='bbox 359 2791 407 2857; x_wconf 90' lang='lat' dir='ltr'>rel</span> <span class='ocrx_word' id='word_1_152' title='bbox 431 2791 582 2857; x_wconf 84' lang='lat' dir='ltr'>sanitates</span> <span class='ocrx_word' id='word_1_153' title='bbox 604 2789 786 2877; x_wconf 82' lang='lat' dir='ltr'>petent-ibus</span> <span class='ocrx_word' id='word_1_154' title='bbox 809 2789 858 2854; x_wconf 85' lang='lat' dir='ltr'>rix</span> <span class='ocrx_word' id='word_1_155' title='bbox 877 2791 1002 2854; x_wconf 87' lang='lat' dir='ltr'>uacaret</span> <span class='ocrx_word' id='word_1_156' title='bbox 1023 2805 1136 2872; x_wconf 92' lang='lat' dir='ltr'>panem</span> <span class='ocrx_word' id='word_1_157' title='bbox 1158 2786 1329 2853; x_wconf 86' lang='lat' dir='ltr'>comedere.</span> <span class='ocrx_word' id='word_1_158' title='bbox 1362 2783 1457 2868; x_wconf 79' lang='lat' dir='ltr'>Quod</span> 
     </span>
     <span class='ocr_line' id='line_1_21' title="bbox 246 2895 1457 2986; baseline -0.006 -19"><span class='ocrx_word' id='word_1_159' title='bbox 246 2902 314 2986; x_wconf 89' lang='lat' dir='ltr'>ipse</span> <span class='ocrx_word' id='word_1_160' title='bbox 345 2902 409 2968; x_wconf 89' lang='lat' dir='ltr'>uidi</span> <span class='ocrx_word' id='word_1_161' title='bbox 441 2902 540 2969; x_wconf 90' lang='lat' dir='ltr'>oculis</span> <span class='ocrx_word' id='word_1_162' title='bbox 563 2903 652 2983; x_wconf 85' lang='lat' dir='ltr'>meis,</span> <span class='ocrx_word' id='word_1_163' title='bbox 685 2901 843 2968; x_wconf 89' lang='lat' dir='ltr'>fictionem</span> <span class='ocrx_word' id='word_1_164' title='bbox 872 2919 944 2966; x_wconf 84' lang='lat' dir='ltr'>vero</span> <span class='ocrx_word' id='word_1_165' title='bbox 978 2898 1200 2966; x_wconf 86' lang='lat' dir='ltr'>miraculorum</span> <span class='ocrx_word' id='word_1_166' title='bbox 1222 2897 1273 2965; x_wconf 89' lang='lat' dir='ltr'>oui</span> <span class='ocrx_word' id='word_1_167' title='bbox 1295 2895 1457 2981; x_wconf 83' lang='lat' dir='ltr'>assignem</span> 
     </span>
     <span class='ocr_line' id='line_1_22' title="bbox 246 3010 1457 3100; baseline -0.003 -20"><span class='ocrx_word' id='word_1_168' title='bbox 246 3014 367 3100; x_wconf 83' lang='lat' dir='ltr'>ignoro,</span> <span class='ocrx_word' id='word_1_169' title='bbox 401 3017 583 3080; x_wconf 90' lang='lat' dir='ltr'>utrumnam</span> <span class='ocrx_word' id='word_1_170' title='bbox 617 3015 666 3080; x_wconf 89' lang='lat' dir='ltr'>his</span> <span class='ocrx_word' id='word_1_171' title='bbox 689 3034 743 3099; x_wconf 87' lang='lat' dir='ltr'>per</span> <span class='ocrx_word' id='word_1_172' title='bbox 765 3033 844 3099; x_wconf 88' lang='lat' dir='ltr'>quos</span> <span class='ocrx_word' id='word_1_173' title='bbox 878 3013 946 3079; x_wconf 90' lang='lat' dir='ltr'>lieri</span> <span class='ocrx_word' id='word_1_174' title='bbox 979 3010 1172 3093; x_wconf 88' lang='lat' dir='ltr'>dicebantur,</span> <span class='ocrx_word' id='word_1_175' title='bbox 1206 3029 1247 3078; x_wconf 89' lang='lat' dir='ltr'>an</span> <span class='ocrx_word' id='word_1_176' title='bbox 1269 3029 1341 3079; x_wconf 86' lang='lat' dir='ltr'>uero</span> <span class='ocrx_word' id='word_1_177' title='bbox 1363 3010 1457 3078; x_wconf 91' lang='lat' dir='ltr'>hisa</span> 
     </span>
     <span class='ocr_line' id='line_1_23' title="bbox 248 3122 1457 3211; baseline -0.002 -19"><span class='ocrx_word' id='word_1_178' title='bbox 248 3126 360 3211; x_wconf 88' lang='lat' dir='ltr'>quibus</span> <span class='ocrx_word' id='word_1_179' title='bbox 382 3123 567 3210; x_wconf 90' lang='lat' dir='ltr'>petebantur</span> <span class='ocrx_word' id='word_1_180' title='bbox 597 3130 802 3192; x_wconf 83' lang='lat' dir='ltr'>certamnen</span> <span class='ocrx_word' id='word_1_181' title='bbox 824 3123 933 3205; x_wconf 86' lang='lat' dir='ltr'>habeo,</span> <span class='ocrx_word' id='word_1_182' title='bbox 966 3142 1038 3189; x_wconf 91' lang='lat' dir='ltr'>cum</span> <span class='ocrx_word' id='word_1_183' title='bbox 1061 3126 1166 3189; x_wconf 91' lang='lat' dir='ltr'>tamen</span> <span class='ocrx_word' id='word_1_184' title='bbox 1187 3122 1273 3189; x_wconf 89' lang='lat' dir='ltr'>fictio</span> <span class='ocrx_word' id='word_1_185' title='bbox 1295 3123 1364 3210; x_wconf 90' lang='lat' dir='ltr'>ipsa</span> <span class='ocrx_word' id='word_1_186' title='bbox 1386 3143 1457 3190; x_wconf 91' lang='lat' dir='ltr'>cer·</span> 
     </span>
     <span class='ocr_line' id='line_1_24' title="bbox 247 3234 1455 3321; baseline -0.001 -18"><span class='ocrx_word' id='word_1_187' title='bbox 247 3236 368 3303; x_wconf 88' lang='lat' dir='ltr'>tissime</span> <span class='ocrx_word' id='word_1_188' title='bbox 390 3237 423 3303; x_wconf 88' lang='lat' dir='ltr'>in</span> <span class='ocrx_word' id='word_1_189' title='bbox 445 3237 553 3303; x_wconf 91' lang='lat' dir='ltr'>multis</span> <span class='ocrx_word' id='word_1_190' title='bbox 588 3237 630 3302; x_wconf 90' lang='lat' dir='ltr'>sit</span> <span class='ocrx_word' id='word_1_191' title='bbox 662 3237 795 3321; x_wconf 88' lang='lat' dir='ltr'>prodita.</span> <span class='ocrx_word' id='word_1_192' title='bbox 841 3234 1086 3302; x_wconf 86' lang='lat' dir='ltr'>Adduoebantur</span> <span class='ocrx_word' id='word_1_193' title='bbox 1118 3253 1253 3320; x_wconf 91' lang='lat' dir='ltr'>namque</span> <span class='ocrx_word' id='word_1_194' title='bbox 1288 3234 1372 3303; x_wconf 86' lang='lat' dir='ltr'>coeci</span> <span class='ocrx_word' id='word_1_195' title='bbox 1404 3237 1455 3302; x_wconf 85' lang='lat' dir='ltr'>uel</span> 
     </span>
     <span class='ocr_line' id='line_1_25' title="bbox 248 3345 1456 3432; baseline -0.003 -16"><span class='ocrx_word' id='word_1_196' title='bbox 248 3349 411 3416; x_wconf 88' lang='lat' dir='ltr'>semiooeoi</span> <span class='ocrx_word' id='word_1_197' title='bbox 432 3351 464 3414; x_wconf 92' lang='lat' dir='ltr'>et</span> <span class='ocrx_word' id='word_1_198' title='bbox 485 3348 586 3414; x_wconf 91' lang='lat' dir='ltr'>claudi</span> <span class='ocrx_word' id='word_1_199' title='bbox 623 3351 655 3414; x_wconf 92' lang='lat' dir='ltr'>et</span> <span class='ocrx_word' id='word_1_200' title='bbox 676 3345 938 3414; x_wconf 85' lang='lat' dir='ltr'>benedicebantur</span> <span class='ocrx_word' id='word_1_201' title='bbox 963 3347 1003 3412; x_wconf 86' lang='lat' dir='ltr'>ab</span> <span class='ocrx_word' id='word_1_202' title='bbox 1026 3349 1070 3414; x_wconf 93' lang='lat' dir='ltr'>eis</span> <span class='ocrx_word' id='word_1_203' title='bbox 1094 3348 1233 3414; x_wconf 87' lang='lat' dir='ltr'>oratione</span> <span class='ocrx_word' id='word_1_204' title='bbox 1253 3347 1337 3413; x_wconf 87' lang='lat' dir='ltr'>facta</span> <span class='ocrx_word' id='word_1_205' title='bbox 1360 3365 1456 3432; x_wconf 89' lang='lat' dir='ltr'>super</span> 
     </span>
     <span class='ocr_line' id='line_1_26' title="bbox 248 3456 1456 3545; baseline -0.001 -20"><span class='ocrx_word' id='word_1_206' title='bbox 248 3479 300 3526; x_wconf 90' lang='lat' dir='ltr'>eos</span> <span class='ocrx_word' id='word_1_207' title='bbox 324 3478 396 3526; x_wconf 93' lang='lat' dir='ltr'>cum</span> <span class='ocrx_word' id='word_1_208' title='bbox 417 3477 529 3526; x_wconf 87' lang='lat' dir='ltr'>manus</span> <span class='ocrx_word' id='word_1_209' title='bbox 552 3461 760 3545; x_wconf 91' lang='lat' dir='ltr'>impositione.</span> <span class='ocrx_word' id='word_1_210' title='bbox 788 3459 934 3542; x_wconf 91' lang='lat' dir='ltr'>Dumque</span> <span class='ocrx_word' id='word_1_211' title='bbox 955 3459 1036 3524; x_wconf 88' lang='lat' dir='ltr'>inter</span> <span class='ocrx_word' id='word_1_212' title='bbox 1058 3457 1270 3525; x_wconf 89' lang='lat' dir='ltr'>benedicentis</span> <span class='ocrx_word' id='word_1_213' title='bbox 1288 3456 1384 3524; x_wconf 84' lang='lat' dir='ltr'>uerba</span> <span class='ocrx_word' id='word_1_214' title='bbox 1404 3477 1456 3524; x_wconf 89' lang='lat' dir='ltr'>re·</span> 
     </span>
     <span class='ocr_line' id='line_1_27' title="bbox 248 3568 1455 3656; baseline -0.002 -19"><span class='ocrx_word' id='word_1_215' title='bbox 248 3571 355 3656; x_wconf 82' lang='lat' dir='ltr'>quiriti</span> <span class='ocrx_word' id='word_1_216' title='bbox 377 3569 417 3636; x_wconf 91' lang='lat' dir='ltr'>ab</span> <span class='ocrx_word' id='word_1_217' title='bbox 439 3570 515 3656; x_wconf 88' lang='lat' dir='ltr'>ipsis</span> <span class='ocrx_word' id='word_1_218' title='bbox 538 3571 682 3637; x_wconf 87' lang='lat' dir='ltr'>violentis</span> <span class='ocrx_word' id='word_1_219' title='bbox 714 3571 937 3636; x_wconf 90' lang='lat' dir='ltr'>miraculorum</span> <span class='ocrx_word' id='word_1_220' title='bbox 960 3568 1154 3637; x_wconf 78' lang='lat' dir='ltr'>exactoribus</span> <span class='ocrx_word' id='word_1_221' title='bbox 1177 3569 1312 3636; x_wconf 87' lang='lat' dir='ltr'>luissent</span> <span class='ocrx_word' id='word_1_222' title='bbox 1333 3586 1374 3634; x_wconf 90' lang='lat' dir='ltr'>an</span> <span class='ocrx_word' id='word_1_223' title='bbox 1396 3570 1455 3634; x_wconf 88' lang='lat' dir='ltr'>cli·</span> 
     </span>
     <span class='ocr_line' id='line_1_28' title="bbox 251 3679 1454 3768; baseline -0.001 -21"><span class='ocrx_word' id='word_1_224' title='bbox 251 3683 325 3768; x_wconf 89' lang='lat' dir='ltr'>quid</span> <span class='ocrx_word' id='word_1_225' title='bbox 347 3683 458 3748; x_wconf 91' lang='lat' dir='ltr'>melius</span> <span class='ocrx_word' id='word_1_226' title='bbox 480 3681 631 3748; x_wconf 84' lang='lat' dir='ltr'>haberent</span> <span class='ocrx_word' id='word_1_227' title='bbox 652 3681 759 3765; x_wconf 90' lang='lat' dir='ltr'>illique</span> <span class='ocrx_word' id='word_1_228' title='bbox 776 3681 920 3766; x_wconf 89' lang='lat' dir='ltr'>propriae</span> <span class='ocrx_word' id='word_1_229' title='bbox 942 3681 1086 3747; x_wconf 90' lang='lat' dir='ltr'>sanitatis</span> <span class='ocrx_word' id='word_1_230' title='bbox 1109 3681 1213 3766; x_wconf 89' lang='lat' dir='ltr'>cupidi</span> <span class='ocrx_word' id='word_1_231' title='bbox 1233 3682 1338 3767; x_wconf 87' lang='lat' dir='ltr'>aliqua</span> <span class='ocrx_word' id='word_1_232' title='bbox 1360 3679 1454 3746; x_wconf 92' lang='lat' dir='ltr'>dubie</span> 
     </span>
     <span class='ocr_line' id='line_1_29' title="bbox 247 3791 1455 3879; baseline -0.001 -20"><span class='ocrx_word' id='word_1_233' title='bbox 247 3793 470 3878; x_wconf 88' lang='lat' dir='ltr'>responderent</span> <span class='ocrx_word' id='word_1_234' title='bbox 503 3794 612 3860; x_wconf 89' lang='lat' dir='ltr'>statim</span> <span class='ocrx_word' id='word_1_235' title='bbox 636 3812 709 3858; x_wconf 89' lang='lat' dir='ltr'>cnm</span> <span class='ocrx_word' id='word_1_236' title='bbox 731 3795 866 3860; x_wconf 88' lang='lat' dir='ltr'>clamore</span> <span class='ocrx_word' id='word_1_237' title='bbox 898 3792 1048 3860; x_wconf 87' lang='lat' dir='ltr'>sublimes</span> <span class='ocrx_word' id='word_1_238' title='bbox 1085 3791 1287 3879; x_wconf 89' lang='lat' dir='ltr'>rapiebantur</span> <span class='ocrx_word' id='word_1_239' title='bbox 1308 3797 1340 3859; x_wconf 88' lang='lat' dir='ltr'>et</span> <span class='ocrx_word' id='word_1_240' title='bbox 1363 3794 1455 3877; x_wconf 89' lang='lat' dir='ltr'>quasi</span> 
     </span>
     <span class='ocr_line' id='line_1_30' title="bbox 249 3902 1455 3989; baseline -0.001 -19"><span class='ocrx_word' id='word_1_241' title='bbox 249 3905 315 3971; x_wconf 91' lang='lat' dir='ltr'>sani</span> <span class='ocrx_word' id='word_1_242' title='bbox 337 3905 549 3973; x_wconf 85' lang='lat' dir='ltr'>intermunus</span> <span class='ocrx_word' id='word_1_243' title='bbox 571 3906 763 3972; x_wconf 84' lang='lat' dir='ltr'>vectantium</span> <span class='ocrx_word' id='word_1_244' title='bbox 785 3904 987 3973; x_wconf 90' lang='lat' dir='ltr'>ducebantur.</span> <span class='ocrx_word' id='word_1_245' title='bbox 1020 3906 1080 3989; x_wconf 86' lang='lat' dir='ltr'>Qui</span> <span class='ocrx_word' id='word_1_246' title='bbox 1103 3905 1229 3970; x_wconf 87' lang='lat' dir='ltr'>tandem</span> <span class='ocrx_word' id='word_1_247' title='bbox 1250 3903 1311 3970; x_wconf 89' lang='lat' dir='ltr'>sibi</span> <span class='ocrx_word' id='word_1_248' title='bbox 1332 3902 1455 3970; x_wconf 89' lang='lat' dir='ltr'>dimissi</span> 
     </span>
     <span class='ocr_line' id='line_1_31' title="bbox 248 4016 1454 4104; baseline -0.001 -21"><span class='ocrx_word' id='word_1_249' title='bbox 248 4035 310 4084; x_wconf 92' lang='lat' dir='ltr'>non</span> <span class='ocrx_word' id='word_1_250' title='bbox 332 4017 386 4083; x_wconf 91' lang='lat' dir='ltr'>diu</span> <span class='ocrx_word' id='word_1_251' title='bbox 408 4019 574 4083; x_wconf 90' lang='lat' dir='ltr'>sanitatem</span> <span class='ocrx_word' id='word_1_252' title='bbox 605 4021 776 4104; x_wconf 89' lang='lat' dir='ltr'>potuerunt</span> <span class='ocrx_word' id='word_1_253' title='bbox 809 4018 956 4084; x_wconf 88' lang='lat' dir='ltr'>simulare</span> <span class='ocrx_word' id='word_1_254' title='bbox 979 4020 1033 4086; x_wconf 88' lang='lat' dir='ltr'>sed</span> <span class='ocrx_word' id='word_1_255' title='bbox 1056 4035 1131 4085; x_wconf 89' lang='lat' dir='ltr'>suae</span> <span class='ocrx_word' id='word_1_256' title='bbox 1165 4016 1357 4083; x_wconf 87' lang='lat' dir='ltr'>infirmitatis</span> <span class='ocrx_word' id='word_1_257' title='bbox 1380 4035 1454 4082; x_wconf 91' lang='lat' dir='ltr'>con-</span> 
     </span>
     <span class='ocr_line' id='line_1_32' title="bbox 249 4126 1454 4214; baseline -0.002 -19"><span class='ocrx_word' id='word_1_258' title='bbox 249 4132 338 4196; x_wconf 88' lang='lat' dir='ltr'>sueta</span> <span class='ocrx_word' id='word_1_259' title='bbox 360 4128 507 4210; x_wconf 83' lang='lat' dir='ltr'>subsidia,</span> <span class='ocrx_word' id='word_1_260' title='bbox 528 4132 697 4197; x_wconf 90' lang='lat' dir='ltr'>scamnella</span> <span class='ocrx_word' id='word_1_261' title='bbox 719 4126 894 4214; x_wconf 69' lang='lat' dir='ltr'>videlicetil</span> <span class='ocrx_word' id='word_1_262' title='bbox 917 4132 1019 4197; x_wconf 90' lang='lat' dir='ltr'>claudi</span> <span class='ocrx_word' id='word_1_263' title='bbox 1037 4149 1074 4197; x_wconf 90' lang='lat' dir='ltr'>ac</span> <span class='ocrx_word' id='word_1_264' title='bbox 1096 4128 1180 4196; x_wconf 88' lang='lat' dir='ltr'>coeci</span> <span class='ocrx_word' id='word_1_265' title='bbox 1201 4128 1296 4195; x_wconf 88' lang='lat' dir='ltr'>duces</span> <span class='ocrx_word' id='word_1_266' title='bbox 1315 4145 1454 4195; x_wconf 89' lang='lat' dir='ltr'>resume·</span> 
     </span>
     <span class='ocr_line' id='line_1_33' title="bbox 248 4239 1454 4326; baseline -0.001 -20"><span class='ocrx_word' id='word_1_267' title='bbox 248 4239 335 4307; x_wconf 89' lang='lat' dir='ltr'>bant.</span> <span class='ocrx_word' id='word_1_268' title='bbox 355 4239 542 4307; x_wconf 81' lang='lat' dir='ltr'>Audivimus</span> <span class='ocrx_word' id='word_1_269' title='bbox 558 4240 653 4306; x_wconf 92' lang='lat' dir='ltr'>etiam</span> <span class='ocrx_word' id='word_1_270' title='bbox 668 4243 707 4308; x_wconf 90' lang='lat' dir='ltr'>de</span> <span class='ocrx_word' id='word_1_271' title='bbox 722 4241 908 4326; x_wconf 88' lang='lat' dir='ltr'>quibusdam</span> <span class='ocrx_word' id='word_1_272' title='bbox 931 4243 1015 4326; x_wconf 89' lang='lat' dir='ltr'>quod</span> <span class='ocrx_word' id='word_1_273' title='bbox 1036 4242 1110 4325; x_wconf 88' lang='lat' dir='ltr'>post</span> <span class='ocrx_word' id='word_1_274' title='bbox 1131 4257 1237 4307; x_wconf 84' lang='lat' dir='ltr'>ueram</span> <span class='ocrx_word' id='word_1_275' title='bbox 1259 4239 1454 4306; x_wconf 89' lang='lat' dir='ltr'>curationem</span> 
     </span>
    </p>
   </div>
   <div class='ocr_carea' id='block_1_5' title="bbox 251 4386 499 4393">
    <p class='ocr_par' dir='ltr' id='par_1_5' title="bbox 251 4386 499 4393">
     <span class='ocr_line' id='line_1_34' title="bbox 251 4386 499 4393; baseline -0.004 0"><span class='ocrx_word' id='word_1_276' title='bbox 251 4386 499 4393; x_wconf 50' lang='lat' dir='ltr'>—u--a</span> 
     </span>
    </p>
   </div>
   <div class='ocr_carea' id='block_1_6' title="bbox 352 4454 1030 4626">
    <p class='ocr_par' dir='ltr' id='par_1_6' title="bbox 352 4454 1030 4626">
     <span class='ocr_line' id='line_1_35' title="bbox 352 4454 1030 4525; baseline -0.001 -16"><span class='ocrx_word' id='word_1_277' title='bbox 352 4454 372 4525; x_wconf 78' lang='grc' dir='ltr'>ι)</span> <span class='ocrx_word' id='word_1_278' title='bbox 389 4457 479 4509; x_wconf 80' lang='lat' dir='ltr'>Glossa</span> <span class='ocrx_word' id='word_1_279' title='bbox 497 4457 646 4522; x_wconf 74' lang='lat' dir='ltr'>marginalis</span> <span class='ocrx_word' id='word_1_280' title='bbox 654 4455 770 4509; x_wconf 74' lang='lat' dir='ltr'>z&#39;llaec</span> <span class='ocrx_word' id='word_1_281' title='bbox 790 4454 861 4510; x_wconf 81' lang='lat'>1533</span> <span class='ocrx_word' id='word_1_282' title='bbox 880 4456 1030 4508; x_wconf 81' lang='lat' dir='ltr'>notanda.</span> 
     </span>
     <span class='ocr_line' id='line_1_36' title="bbox 352 4553 543 4626; baseline 0.016 -19"><span class='ocrx_word' id='word_1_283' title='bbox 352 4553 372 4626; x_wconf 86' lang='lat'>¹)</span> <span class='ocrx_word' id='word_1_284' title='bbox 391 4555 448 4609; x_wconf 87' lang='lat' dir='ltr'>cod.</span> <span class='ocrx_word' id='word_1_285' title='bbox 469 4554 543 4610; x_wconf 86' lang='lat' dir='ltr'>uidit.</span> 
     </span>
    </p>
   </div>
   <div class='ocr_carea' id='block_1_7' title="bbox 0 0 1590 5202">
    <p class='ocr_par' dir='ltr' id='par_1_7' title="bbox 0 0 1590 5202">
     <span class='ocr_line' id='line_1_37' title="bbox 0 0 1590 5202; baseline 0 0"><span class='ocrx_word' id='word_1_286' title='bbox 0 0 1590 5202; x_wconf 95' lang='lat' dir='ltr'> </span> 
     </span>
    </p>
   </div>
  </div>
 </body>
</html>
