3168 5190
240 433 304 502 220

235 612 326 678 lestia
347 614 379 678 et
399 628 602 696 permansura
623 613 704 680 bona
726 613 766 680 ab
787 613 836 680 his
859 631 938 698 quae
960 612 1019 678 sub
1033 617 1099 680 sole
1113 613 1272 682 uariantur
1296 614 1329 678 et
1352 611 1443 680 rani·

235 723 295 789 tati
321 721 450 789 obnoxia
482 729 562 808 snut,
588 744 753 806 secernere,
778 727 851 811 quid
873 725 996 793 brevius
1020 729 1051 792 et
1072 725 1205 792 lucidius
1228 703 1267 788 ad
1288 724 1444 809 physicae

236 834 325 901 nobis
350 837 541 902 necessariae
562 839 707 904 notitiam
729 837 790 904 dici
811 838 924 923 potuit,
948 857 993 918 eo,
1019 839 1101 921 quod
1124 855 1157 902 se
1179 836 1332 902 Dominus
1354 837 1444 901 veri·

234 947 335 1010 tatem
357 965 425 1013 esse
445 948 605 1033 professus
622 954 696 1017 est?
718 952 787 1018 Hoc
810 950 892 1016 enim
913 967 975 1014 uno
997 946 1090 1014 uerbo
1112 948 1195 1014 inter
1217 967 1250 1014 se
1273 950 1305 1012 et
1328 947 1442 1014 mundi

232 1057 324 1144 hujus
347 1062 528 1143 vanitatem,
550 1063 630 1129 inter
652 1081 741 1128 suam
764 1063 946 1142 doctrinam,
970 1080 1046 1146 quae
1069 1061 1198 1154 veritate
1219 1059 1349 1126 subnixa
1372 1063 1437 1144 est,

232 1174 263 1236 el
296 1169 488 1238 ethnicorum
521 1176 769 1258 superstitiosam
801 1175 1023 1259 loquacitatem
1055 1157 1092 1238 et
1123 1189 1234 1239 ranam
1269 1172 1435 1239 scientiam

235 1281 328 1366 hujus
351 1284 458 1349 mundi
480 1285 645 1352 manifesta
665 1289 735 1352 luce
757 1286 918 1366 discrevit,
942 1305 980 1351 ne
1002 1287 1079 1352 alias
1101 1289 1222 1370 praeter
1243 1287 1349 1371 ipsum
1371 1285 1436 1351 sci·

234 1394 349 1458 entiam
387 1397 479 1464 saluti
516 1399 722 1465 necessariam
763 1416 990 1482 quaereremus.
1036 1398 1105 1464 Hoc
1142 1397 1258 1481 experti
1295 1398 1433 1482 apostoli
1525 1394 1528 1400 ’

236 1507 343 1572 muudi
364 1504 455 1591 hujus
478 1508 615 1574 vanitate
638 1510 744 1576 relicta
766 1510 865 1594 ipsius
889 1509 1087 1592 disciprdatui
1108 1507 1274 1574 adhaerere
1287 1506 1434 1572 omnibns

234 1617 477 1702 praeelegerunt.
521 1619 610 1686 Unde
641 1640 720 1687 unus
753 1622 893 1704 ipsorum
914 1638 951 1686 ae
971 1620 1090 1704 primns
1127 1620 1208 1684 inter
1242 1637 1295 1683 eos
1317 1619 1432 1684 Petrus

233 1747 290 1814 pro
313 1729 457 1798 omnibus
478 1733 608 1816 loquens
631 1733 691 1798 ait:
712 1733 803 1799 noce
826 1732 1064 1816 reliquimus
1087 1733 1225 1797 omnia
1246 1733 1282 1795 et
1304 1730 1435 1796 secuti

233 1858 361 1907 snmus
386 1846 463 1926 te.¹)
486 1844 679 1929 Reliquimus
702 1845 873 1910 vanitatem
895 1847 926 1910 el
949 1848 980 1909 te
1003 1846 1150 1927 tuamque
1173 1843 1355 1930 doctrinam,
1379 1846 1436 1908 ut·

231 1956 307 2037 pote
328 1970 433 2019 veram
455 1955 684 2040 philosophiam
706 1961 738 2023 et
760 1958 891 2024 solidam
911 1957 1009 2022 secuti
1029 1973 1136 2020 sumus
1153 1954 1325 2019 veritatem.
1348 1952 1433 2034 Quid

232 2064 337 2125 autem
359 2066 507 2148 putamus
544 2065 597 2129 isti
630 2065 703 2131 boni
725 2068 871 2153 discipuli
892 2066 932 2132 ab
953 2067 1012 2131 hoc
1034 2064 1114 2131 bono
1138 2067 1170 2130 et
1191 2063 1341 2151 singulari
1363 2082 1432 2129 ma-

232 2172 331 2256 gistro
354 2175 534 2257 didicerunt,
558 2179 618 2244 nisi
639 2183 673 2245 nl
693 2182 873 2264 contempta
896 2182 927 2244 el
949 2179 1056 2244 relicta
1079 2195 1158 2244 vana
1180 2176 1432 2262 concupiscentia

232 2285 325 2370 hujus
359 2290 466 2354 mundi
489 2291 589 2356 Deum
625 2293 770 2358 timerent
792 2294 823 2356 el
844 2293 991 2356 mandata
1023 2290 1089 2374 ejus
1123 2289 1331 2367 observarent,
1368 2306 1431 2371 quo

233 2399 314 2463 sient
346 2399 540 2467 ecclesiastes
576 2421 696 2486 qnoque
725 2403 757 2467 in
779 2421 958 2467 sermonum
991 2421 1119 2468 suorum
1151 2401 1211 2466 fine
1244 2401 1349 2466 docuit
1382 2403 1432 2465 est

233 2513 332 2577 omnis
356 2511 473 2578 homo?
497 2513 645 2598 Alioquin
670 2515 784 2580 etenim
798 2513 861 2579 nisi
875 2514 1013 2580 timendo
1029 2517 1060 2579 et
1075 2513 1228 2598 diligendo
1251 2512 1353 2577 Deum
1368 2530 1431 2577 non

232 2628 280 2689 est
300 2623 320 2689 i.
345 2643 370 2690 e.
394 2643 456 2691 non
480 2625 623 2692 subsistit
646 2628 700 2694 sed
722 2645 794 2693 eum
816 2627 953 2692 vanitate
975 2624 1067 2708 hujus
1089 2623 1197 2690 mnndi
1219 2623 1288 2688 fluit
1311 2628 1342 2689 et
1363 2642 1431 2707 per-

231 2733 331 2802 effluit
364 2737 464 2803 omnis
497 2737 615 2804 horno?
661 2739 775 2805 Contra
813 2738 895 2820 quod
924 2735 1077 2802 Dominus
1115 2736 1232 2802 eisdem
1267 2735 1429 2820 discipulis

231 2849 310 2914 suis:
337 2867 419 2933 ego,
444 2849 554 2933 inquit,
578 2849 766 2936 elegivos
783 2849 998 2928 demundo,
1021 2849 1182 2912 uteatis
1199 2845 1430 2912 etfruetum

231 2958 420 3027 alteratis
444 2966 482 3027 et
503 2959 664 3028 fructus
694 2965 830 3026 uester
852 2963 1020 3026 maneat.
1036 2958 1062 3046 2)
1106 2960 1182 3044 Quis
1206 2962 1254 3026 est
1275 2959 1336 3024 iste
1357 2978 1430 3044 per·

237 3088 365 3137 maneus
389 3071 518 3152 fructus,
541 3072 602 3137 nisi
616 3075 652 3137 ut
668 3071 812 3137 docerent
827 3070 969 3136 homines
992 3071 1103 3136 timere
1125 3088 1161 3136 ac
1185 3069 1427 3156 diligereDeum

233 3182 315 3264 quod
331 3201 383 3248 eos
400 3182 576 3248 aeternitati
591 3182 761 3251 restituat?
784 3183 920 3249 Timor
937 3199 1070 3266 namque
1085 3180 1243 3246 Domini
1265 3183 1429 3245 sanetus

229 3297 442 3375 permanet
463 3294 501 3358 in
524 3295 737 3360 saeculum
761 3297 954 3378 saeculi,³)
978 3294 1161 3360 charitas
1185 3311 1306 3376 quoqne
1328 3309 1430 3356 num·

230 3421 344 3489 quam
367 3406 552 3488 ercidel.⁴)
575 3407 635 3490 Qui
656 3410 761 3472 autem
784 3408 917 3492 diligunt
932 3410 963 3472 et
979 3408 1139 3473 sectantur
1162 3401 1374 3487 permanentia
1397 3405 1430 3467 et

229 3518 290 3603 ipsi
310 3518 562 3603 permanentibus
595 3517 831 3605 permanebunt.
875 3519 961 3585 Haec
982 3519 1087 3603 itaque
1110 3521 1141 3583 el
1164 3516 1277 3582 similia
1314 3516 1427 3581 doeens

229 3629 322 3697 Jesus
345 3629 499 3715 hujusque
521 3632 628 3696 mundi
651 3632 722 3696 vani
743 3634 958 3718 contemptum
995 3631 1128 3708 suadens
1150 3629 1313 3696 veritatem
1336 3647 1370 3693 se
1391 3644 1429 3694 ac

229 3740 370 3808 veritatis
394 3748 625 3828 praeceptorem
647 3762 703 3809 seu
725 3745 912 3828 magistrum
935 3743 1041 3810 debuit
1061 3741 1211 3827 profiteri.

328 3852 468 3919 Tertium
490 3873 562 3923 sero
585 3856 668 3940 quod
698 3857 817 3922 addidit
838 3858 932 3923 etiarn
954 3876 987 3922 se
1007 3854 1156 3940 profitens
1194 3873 1254 3939 quo
1276 3873 1333 3920 nos
1356 3853 1427 3934 nisi,

229 3967 268 4032 ad
285 3967 442 4034 theoricen
457 3970 487 4033 et
501 3967 707 4053 inspectivam
730 3967 892 4033 scientiam
907 3967 1015 4048 mittit,
1038 3984 1116 4052 quae
1137 3968 1170 4031 in
1192 3967 1249 4032 hac
1272 3965 1335 4031 rita
1356 3983 1429 4048 per-

228 4075 308 4142 fecte
329 4075 580 4162 apprehenditur,
614 4079 721 4145 sedin
743 4079 927 4144 aeternitate
956 4078 1158 4160 desideratur,
1192 4078 1245 4146 ubi
1268 4081 1299 4144 et
1320 4077 1428 4161 ipsum

228 4186 347 4253 fontem
371 4190 451 4255 vilae
473 4189 585 4257 Jesum
607 4192 644 4258 de
667 4211 726 4277 quo
749 4192 912 4275 psalmista
933 4191 972 4256 ad
996 4192 1137 4257 Patrem:
1170 4173 1355 4268 Domine,
1378 4188 1428 4253 ins

229 4299 305 4383 quit,
330 4301 431 4384 apud
452 4303 488 4366 te
511 4305 569 4366 est
590 4300 679 4368 fons
702 4302 804 4368 vitae
823 4304 858 4367 et
879 4301 918 4366 in
940 4302 1088 4368 lumine
1111 4305 1178 4367 tuo
1202 4298 1428 4367 ridebimu-

235 4471 378 4478 ---·ιι-ν----..-...Ἰ
383 4472 387 4476 .
400 4472 482 4478 .-.--—-

331 4541 349 4612 ¹)
369 4543 568 4600 naturast.
585 4572 617 4582 -
633 4543 654 4616 ²)
673 4546 744 4600 loon.
762 4543 860 4598 15.16.
877 4573 908 4581 -
925 4542 945 4612 ³)
965 4544 1007 4595 Ps.
1023 4544 1065 4598 18.
1081 4543 1124 4599 10.
1143 4569 1172 4580 -
1194 4538 1215 4609 ⁴)
1234 4539 1256 4594 1.
1271 4537 1329 4594 Cor.
1344 4538 1388 4594 13.
1402 4537 1428 4590 8.
