3158 5212
259 429 301 494 84

258 617 371 683 copnm
392 600 586 685 reprobante.
633 599 693 666 Sed
716 601 747 664 et
768 615 899 663 canones
923 597 1004 663 sacri
1031 615 1101 663 eum
1129 599 1181 681 qui
1203 598 1385 664 militaverit
1409 601 1458 666 rel

256 711 461 794 postulaverit
489 713 544 776 aut
576 711 721 775 minister
755 705 915 792 sanguinis
950 707 1039 773 effusi
1075 708 1211 775 extiterit
1241 710 1455 776 asacerdctic

256 824 418 909 repellunt.
457 821 553 905 Unde,
575 824 611 885 ut
643 820 713 900 diri,
737 837 864 905 gravem
894 819 1027 885 dominis
1055 821 1120 886 suis
1142 821 1295 906 episcopis
1317 821 1459 908 irrogant

256 933 403 1017 injuriam
425 932 598 1000 forensium
614 932 738 1022 judices
761 931 865 998 litium
879 932 928 997 vel
942 948 1115 1011 causamm,
1139 931 1167 997 si
1180 932 1342 1016 sanguinis
1355 933 1456 1000 effun-

255 1045 346 1112 deudi
367 1047 555 1131 potestatem
577 1064 610 1110 se
625 1063 644 1108 a
662 1061 757 1110 manu
781 1043 951 1129 pontificali
966 1043 1098 1109 dixerint
1114 1043 1278 1128 accepisse.
1301 1041 1368 1108 dut
1379 1061 1453 1109 vero

254 1155 281 1220 si
304 1156 440 1241 episcopi
472 1156 532 1222 hoc
561 1157 598 1222 de
626 1175 660 1224 se
690 1156 750 1221 dici
777 1173 838 1220 non
864 1173 920 1239 pro
947 1154 1063 1238 injuria
1086 1157 1240 1239 reputant,
1263 1172 1320 1221 nec
1341 1153 1455 1220 falsam

255 1266 463 1350 suspicionem
485 1285 503 1332 a
526 1286 559 1334 se
582 1268 743 1352 repellunt,
756 1266 857 1352 magis
880 1285 951 1332 vero
975 1269 1007 1331 et
1028 1284 1083 1350 pro
1105 1266 1205 1350 gloria
1227 1265 1271 1331 eis
1295 1267 1353 1344 est,
1370 1265 1450 1347 quod

255 1381 445 1463 potestatem
477 1377 624 1464 puniendi
651 1377 684 1442 iu
716 1376 866 1461 sanguiue
895 1394 988 1461 quam
1019 1395 1038 1442 a
1067 1375 1192 1463 regibus
1224 1376 1399 1464 acceperint
1419 1377 1454 1444 in

255 1491 427 1572 potestates
450 1489 607 1574 subjectas
629 1487 690 1572 ipsi
711 1490 927 1574 transponant,
951 1487 1076 1554 rideant
1098 1487 1230 1571 qualiter
1247 1506 1358 1555 manus
1379 1507 1452 1556 snae

255 1617 274 1664 a
296 1600 445 1686 sanguine
460 1599 615 1665 immunes
631 1598 809 1678 exhibeant;
847 1617 920 1664 nam
943 1615 1149 1684 egomenum
1171 1600 1331 1685 sanguinis
1353 1600 1454 1667 effun-

255 1711 349 1777 dendi
377 1693 591 1777 mediatricem
620 1711 669 1778 rel
696 1708 919 1775 internuntiam
945 1709 1049 1777 nescio
1078 1711 1233 1794 quomodo
1261 1707 1454 1797 asanguine

256 1839 408 1888 excusem.
442 1821 553 1906 Neque
580 1839 651 1888 sero
683 1819 743 1905 ipsi
772 1819 987 1906 episcoporum
1015 1820 1192 1905 subjudioes
1214 1821 1358 1888 manibus
1381 1841 1454 1907 pro·

254 1932 332 2017 priis
360 1932 444 1999 fures
467 1935 515 2000 rel
540 1933 676 1999 latrones
704 1931 911 2016 deprehensos
934 1932 1090 2014 occidunt,
1114 1933 1167 1998 sed
1191 1929 1375 1999 occidendos
1398 1933 1455 1998 lic-

254 2042 374 2109 toribus
386 2043 530 2124 tradunt;
551 2062 608 2110 nec
629 2045 735 2108 tamen
745 2062 801 2127 per
822 2043 890 2124 hoc,
915 2045 997 2127 quod
1018 2043 1080 2130 ipsi
1096 2062 1159 2110 non
1178 2043 1333 2128 occidunt,
1358 2060 1455 2129 quan·
1573 2105 1574 2130 ,

250 2157 325 2221 tum
347 2155 386 2222 ad
412 2153 580 2221 sacerdotii
609 2155 729 2238 spectat
756 2152 935 2237 puritatem,
963 2153 1122 2239 sanguinis
1144 2156 1266 2220 reatum
1288 2153 1452 2258 effugiunt.

255 2265 345 2350 Quod
379 2266 406 2332 si
429 2264 575 2349 objicitur
608 2265 697 2331 nobis
732 2265 769 2330 de
801 2283 825 2330 s.
848 2265 969 2331 Joanne
1000 2265 1151 2350 apostolo,
1183 2266 1265 2361 qpod
1285 2265 1401 2350 legitur
1423 2264 1455 2328 in

256 2377 473 2445 ecclesiasticis
495 2377 646 2457 historiis,
669 2376 859 2442 homicidam
880 2376 979 2455 dium,
1004 2394 1096 2460 quem
1118 2376 1156 2442 ds
1176 2377 1340 2444 latrocinio
1362 2395 1452 2444 roro·

257 2488 347 2571 cavit,
379 2493 452 2575 post
473 2491 633 2574 peractam
659 2486 881 2572 poenitentiam
910 2487 1056 2554 ecclesiae
1084 2488 1236 2572 regendae
1257 2490 1453 2574 praefecisse,
1573 2507 1574 2582 p

257 2618 314 2666 nos
344 2601 427 2685 quod
456 2601 609 2668 sentimus
631 2600 870 2684 respondemus:
894 2597 1087 2684 Scriptorum
1108 2599 1205 2682 illam,
1230 2620 1307 2685 qnae
1328 2602 1452 2670 fabulae

256 2729 318 2776 non
340 2709 462 2777 fabulae
491 2712 620 2778 titulum
643 2708 771 2790 obtinet,
791 2727 853 2775 non
876 2713 942 2774 tam
963 2711 1134 2777 constantis
1155 2731 1224 2779 esse
1245 2714 1452 2794 auctoritatis,

255 2824 292 2888 ut
307 2841 362 2907 per
381 2840 451 2888 eam
470 2822 538 2907 quis
550 2821 620 2908 cogi
632 2821 744 2887 valeat.
765 2819 833 2887 Aut
855 2821 949 2886 etiam
972 2821 998 2887 si
1021 2822 1058 2888 de
1080 2823 1160 2888 tanti
1182 2821 1272 2890 nobis
1295 2827 1453 2892 constaret

255 2936 327 3001 actu
349 2932 482 3018 apostoli
501 2931 535 2996 in
555 2930 732 3016 primordiis
756 2931 903 2997 ecclesiae
923 2951 979 3016 per
1001 2933 1063 2998 tale
1079 2932 1161 3000 forte
1180 2934 1302 3002 fectum
1316 2937 1453 3003 remedia

254 3044 459 3130 poenitentiae
481 3042 556 3126 quid
577 3043 701 3108 valeant
722 3040 896 3126 significare
919 3043 1053 3125 volenti,
1076 3063 1176 3130 neque
1198 3045 1244 3112 sic
1259 3046 1298 3112 ad
1315 3045 1455 3113 sentien-

254 3153 330 3220 dum
357 3153 468 3220 adduci
496 3171 660 3238 possemus
689 3155 798 3218 contra
831 3154 955 3239 regrrlas
984 3155 1210 3224 ecclesiasticas
1238 3156 1411 3226 homicidas
1434 3177 1454 3223 a

255 3264 427 3331 sacerdotio
449 3265 643 3350 repellentes.
676 3263 759 3330 Nam
781 3264 944 3351 privilegia
966 3266 1161 3353 singulorum
1182 3268 1286 3356 legem
1308 3287 1453 3338 commu·
1573 3259 1574 3302 3

254 3391 326 3441 nem
347 3393 410 3442 non
432 3374 560 3442 faciunt.

743 3789 854 3857 cap.
872 3789 969 3845 XL.

340 3907 409 3978 Non
430 3907 514 3979 bona
536 3907 713 3980 similitudo
735 3908 775 3979 de
796 3911 955 3981 militibus
979 3910 1125 4000 gladium
1147 3914 1364 4002 cingentibus.

355 4097 416 4164 Sed
438 4114 493 4164 nec
514 4097 590 4165 illud
613 4099 892 4166 adexousationem
913 4099 1007 4185 hujus
1018 4099 1094 4167 lacti
1105 4099 1237 4185 prolicit,
1251 4103 1332 4187 qnod
1343 4103 1452 4172 dicunt

255 4208 369 4294 aliquit
392 4207 437 4275 sic
452 4227 471 4276 a
486 4210 645 4276 sacerdote
665 4230 758 4295 posse
779 4211 931 4278 minorem
953 4215 1142 4297 potestatem
1152 4211 1292 4299 legitime
1307 4215 1453 4298 ordinari,

256 4334 334 4402 quae
354 4318 387 4385 in
408 4321 472 4387 rita
508 4324 539 4387 et
561 4321 710 4408 sanguine
729 4324 838 4412 puniat
873 4327 1029 4407 nocentes,
1053 4323 1135 4392 sicut
1166 4344 1255 4412 reges
1290 4345 1454 4413 quoqnea
1573 4405 1574 4410 η

256 4430 466 4497 sacerdotibus
489 4433 669 4500 ordinantur
691 4437 723 4501 et
743 4436 816 4501 nori
845 4435 960 4502 milites
982 4454 1045 4503 non
1067 4436 1133 4504 sine
1155 4436 1339 4505 sacerdotali
1360 4437 1455 4506 bene·

255 4538 390 4608 dictione
412 4559 484 4610 ense
494 4544 746 4632 praecinguntur,
769 4566 825 4615 nec
847 4550 952 4615 tamm
963 4547 1089 4634 sangui
1111 4565 1131 4614 a
1153 4565 1225 4634 rego
1236 4548 1286 4618 rel
1296 4547 1452 4648 militibus
