3168 5214
248 387 311 453 348

245 560 286 624 tis
324 559 505 624 auctoritas.
566 555 803 638 Quoniam,
849 556 970 640 inquit,
1015 556 1132 640 apud
1164 559 1208 622 te
1240 559 1311 620 est
1343 553 1455 620 fons

244 670 374 735 ritae.
392 670 415 750 ¹)
457 667 633 735 Dominum
655 666 738 732 enim
762 668 890 733 Patrem
922 667 972 732 cui
1005 669 1144 751 loquitur
1166 670 1328 750 tamquam
1350 665 1454 731 fontis

244 799 355 845 venam
376 784 540 849 constituit
562 781 681 848 fontem
702 781 828 860 Filium,
852 781 906 862 qui
928 781 966 845 ad
991 800 1024 846 se
1043 779 1212 845 bibendum
1236 779 1378 845 sitientes
1402 778 1452 842 in·

244 894 323 960 vitat
345 896 467 961 diceus:
502 896 529 959 si
553 896 621 976 quis
644 895 712 959 sitit
746 893 849 959 veniat
871 894 910 958 ad
932 913 983 957 me
1006 896 1037 957 et
1058 890 1155 973 bibat,
1188 891 1286 955 vitam
1309 890 1347 955 de
1370 907 1453 954 vena

243 1025 280 1072 ao
302 1006 388 1071 fonte
409 1005 629 1090 procedentem
653 1006 803 1090 Spiritum
827 1009 970 1070 sanctum
992 1006 1100 1070 voleus
1117 1004 1260 1086 intelligi.
1284 1003 1371 1069 Siout
1387 1003 1452 1067 ita-

243 1137 304 1201 que
326 1136 404 1183 vena
425 1117 522 1182 fontis
544 1121 576 1182 et
598 1118 667 1183 lons
689 1137 752 1183 non
782 1138 817 1182 ex
840 1118 983 1200 eoquod
1006 1122 1136 1198 uterque
1158 1115 1250 1180 unius
1273 1117 1404 1178 naturae
1426 1113 1450 1178 i.

243 1249 269 1295 e.
292 1247 373 1313 aqua
396 1235 479 1311 sunt,
503 1232 540 1296 de
564 1250 597 1296 se
617 1232 717 1295 riuum
740 1232 923 1315 producunt,
937 1231 991 1296 sed
1014 1231 1117 1314 potius
1141 1249 1175 1294 en
1198 1247 1244 1306 eo,
1267 1229 1299 1292 in
1322 1245 1384 1308 quo
1407 1223 1451 1288 ab

242 1341 428 1406 alterutrum
441 1342 590 1408 differunt
603 1347 633 1408 et
646 1349 807 1426 tamqnam
830 1361 924 1410 eausa
946 1344 985 1407 ad
1008 1344 1171 1408 causatum
1193 1339 1379 1416 releruutm‚
1403 1338 1451 1403 ita

242 1456 337 1521 Pater
359 1474 436 1521 vena
458 1460 489 1521 et
511 1455 580 1521 lons
603 1456 703 1520 Filius
723 1476 785 1521 non
808 1476 844 1521 er
866 1476 901 1521 eo
925 1457 1008 1538 quod
1030 1455 1122 1519 unius
1142 1456 1271 1518 naturae
1285 1452 1307 1518 i.
1322 1471 1349 1515 e.
1364 1469 1448 1516 unus

242 1564 330 1632 Deus
354 1570 436 1645 sunt,
460 1569 514 1632 sed
536 1568 640 1650 potius
662 1588 697 1633 ex
720 1588 755 1632 eo
780 1587 840 1650 quo
870 1568 962 1632 unius
999 1570 1130 1632 naturae
1153 1565 1358 1631 subsistentes
1382 1562 1448 1628 sin-

241 1679 307 1761 guli
329 1697 348 1744 a
370 1699 403 1744 se
425 1678 558 1744 invicem
581 1680 676 1745 simul
699 1684 730 1745 et
753 1679 871 1762 Spiritu
903 1682 1011 1744 sancto
1033 1676 1248 1760 personalibus
1271 1675 1449 1760 proprieta-

239 1789 324 1855 tibus
348 1790 473 1856 disereti
497 1794 570 1870 suut
593 1810 715 1875 quoque
738 1793 778 1856 ad
801 1793 858 1857 Dei
881 1793 979 1856 vicem
1002 1790 1182 1855 referuntur
1204 1790 1335 1854 eundem
1358 1807 1394 1852 ex
1412 1807 1448 1852 se

240 1900 395 1987 Spiritum
425 1907 567 1968 sanctum
594 1904 626 1967 iu
649 1905 743 1968 corda
765 1908 795 1969 et
817 1907 940 1968 ventres
975 1903 1136 1968 rationalis
1170 1903 1330 1966 creaturae
1353 1899 1448 1964 emit-

240 2016 320 2079 tunt.
344 2015 411 2096 Quo
435 2014 549 2079 hausto
572 2017 604 2079 et
626 2017 761 2099 repletae
784 2017 914 2082 dilectae
936 2034 973 2081 ao
995 2016 1159 2100 diligentes
1182 2014 1304 2078 animae
1325 2030 1448 2078 memo·

239 2125 318 2189 riam
341 2125 506 2191 suavitatis
526 2126 648 2192 divinae
668 2127 822 2210 loquendo
837 2129 995 2194 interdum
1014 2127 1109 2194 etiam
1125 2124 1287 2192 scribendo
1303 2126 1447 2190 eructare

239 2241 474 2303 consueverunt.

338 2348 462 2414 Primae
495 2349 599 2432 itaque
635 2353 861 2437 propositionis
900 2370 974 2419 suaa
1018 2349 1149 2416 veritate
1182 2368 1245 2414 non
1278 2350 1444 2414 constante

236 2461 356 2525 nouerit
394 2479 427 2524 se
468 2461 605 2528 Graecus
647 2465 678 2528 in
709 2466 980 2548 argumentatione
1022 2481 1079 2529 sua
1116 2464 1280 2529 corruisse.
1325 2460 1445 2543 Quam-

236 2587 328 2653 quam
350 2575 381 2636 et
401 2572 462 2637 hoo
483 2573 632 2640 aduersus
655 2575 808 2642 Graecum
829 2577 934 2656 faciat,
958 2577 1042 2659 quod
1064 2578 1287 2660 argumentum
1305 2591 1324 2638 a
1344 2572 1442 2641 simili

236 2682 344 2746 datum
376 2701 437 2748 non
471 2704 620 2772 magnam
654 2689 717 2752 vim
751 2688 833 2772 apud
862 2686 1067 2772 philosophos
1098 2686 1235 2766 obtinet;
1269 2689 1441 2754 similitudo

236 2793 329 2873 enim,
365 2796 468 2860 nteit
490 2797 578 2879 quis,
613 2801 714 2863 mater
744 2798 933 2882 deceptionis
968 2802 1025 2864 est.
1070 2798 1192 2864 Pariter
1215 2803 1247 2865 et
1268 2800 1327 2864 hoo
1363 2800 1442 2866 sciat

236 2903 384 2987 Graecus,
407 2905 480 2970 fidei
514 2911 640 2973 nostrae
671 2909 873 2975 fundamenta
906 2929 968 2976 nou
997 2912 1189 2996 argumentis
1212 2911 1371 2978 rationum
1392 2914 1442 2980 vel

237 3018 494 3098 argumentorum
517 3017 688 3084 rationibus
713 3022 767 3085 sed
790 3022 1015 3105 scripturarum
1030 3022 1270 3088 auctoritatibus
1286 3028 1440 3091 constare.

237 3125 352 3190 Fides
392 3126 498 3191 enim
541 3148 583 3193 er
621 3130 777 3212 auditu,
816 3132 971 3198 auditus
1008 3136 1136 3198 autem
1173 3154 1240 3219 per
1277 3134 1440 3200 verbum

236 3234 433 3320 christis)
477 3226 519 3303 Et
540 3240 601 3304 nisi
624 3243 825 3324 credideritis,
850 3244 894 3309 ait
917 3245 1079 3327 scripture,
1103 3263 1165 3309 non
1188 3245 1369 3330 intelllgetis
1391 3249 1440 3312 nti

234 3366 273 3413 no
294 3350 380 3433 prius
403 3371 438 3416 ex
460 3351 616 3416 rationum
638 3355 830 3437 argumentis
852 3354 1025 3439 intelligere
1048 3373 1141 3438 quam
1158 3355 1281 3422 credere
1295 3359 1436 3425 velimus.

233 3457 274 3521 nt
296 3459 423 3538 scimus,
460 3461 505 3526 ait
526 3464 698 3544 apostolus,
723 3466 772 3530 oui
796 3465 921 3545 credidi,
945 3467 1138 3532 credulitatrs
1160 3484 1235 3532 suae
1255 3484 1383 3533 causam
1405 3469 1438 3534 iu

234 3572 359 3635 auctore
393 3571 464 3637 fidei
487 3571 620 3652 Christo,
645 3593 739 3658 quam
760 3577 793 3641 in
815 3577 1006 3661 argumentis
1040 3578 1198 3643 rationum
1233 3577 1436 3644 constituens.

234 3678 381 3762 Legimus
403 3686 508 3747 autem
530 3683 562 3748 iu
585 3682 746 3766 scripturis
770 3686 915 3768 spiritum
938 3684 1057 3752 Christi
1079 3689 1110 3752 et
1130 3687 1277 3771 spiritum
1298 3687 1355 3753 filii
1377 3689 1437 3754 Dei

234 3789 288 3852 sod
310 3791 441 3856 eundem
463 3793 622 3861 Christum
641 3793 704 3860 Dei
726 3795 826 3861 filium
848 3815 937 3863 versa
960 3799 1026 3863 vice
1048 3797 1147 3862 filium
1169 3797 1310 3882 Spiritus
1333 3800 1435 3865 sancti

233 3915 294 3962 nou
316 3898 460 3983 legimus,
475 3904 553 3968 unde
572 3905 642 3988 jure
664 3905 741 3971 illud
757 3907 935 3993 recipimus,
958 3909 1044 3974 istud
1065 3907 1288 3991 improbamus.
1333 3907 1436 3974 Multa

232 4025 304 4073 vero
328 4012 360 4074 et
381 4012 443 4076 alia
464 4017 669 4096 processionis
694 4017 829 4102 Spiritus
853 4019 953 4085 sancti
975 4038 1011 4084 ex
1032 4019 1112 4084 nino
1136 4018 1225 4084 nobis
1248 4020 1436 4086 documenta

233 4122 315 4200 sunt,
340 4139 417 4204 quae
440 4132 707 4207 supramemorata
737 4149 819 4196 nunc
841 4129 874 4195 in
896 4134 984 4196 tauto
1007 4134 1145 4214 repetere
1167 4149 1245 4214 opus
1270 4149 1331 4194 uon
1355 4135 1413 4196 est.

211 4218 233 4288 8
334 4231 484 4302 Graccus.
530 4237 563 4303 si
596 4258 675 4304 unus
708 4244 755 4305 est
796 4240 932 4325 Spiritus
970 4243 1002 4305 et
1034 4241 1191 4327 perfectus
1227 4242 1301 4326 quia
1334 4240 1435 4319 Deus,

231 4360 311 4408 unus
334 4364 406 4411 vero
429 4345 515 4414 Deus
538 4351 570 4414 et
590 4347 747 4433 perfectus
771 4353 843 4434 quia
865 4356 897 4419 et
917 4353 1027 4436 bonus,
1051 4356 1166 4419 etune
1198 4353 1307 4436 utique
1330 4355 1380 4418 est
1402 4356 1435 4418 et

233 4451 256 4460 “
338 4471 603 4537 1)1>ε.35.ιο.--
628 4470 730 4544 auom
760 4477 865 4534 10.17.
