3158 5212
1289 445 1330 511 19

118 616 304 698 apostolus:
350 612 646 681 colluctandum
678 610 804 692 nobis,
845 613 900 693 ait,
923 617 1065 680 contra
1085 611 1327 697 spiritualia

118 727 328 811 nequitiae
349 727 389 792 in
410 722 692 804 coelestibus.¹)
737 723 849 808 Sicque
872 743 926 808 per
949 725 1053 790 omnia
1086 724 1228 790 diabolus
1261 726 1327 790 rui·

116 857 217 904 nosus
240 837 351 903 mortis
371 842 565 923 praepositus
587 837 848 922 percontrarium
870 836 981 903 nititur
1003 837 1115 903 similis
1137 856 1206 905 esso
1228 838 1328 905 Altis·

117 950 211 1030 simo‚
245 951 282 1015 nt
304 951 336 1013 et
356 949 390 1015 in
410 949 633 1015 contrarietate
666 949 840 1015 similitudo
870 951 902 1015 et
923 948 956 1014 iu
978 948 1185 1014 similitudine
1204 951 1328 1014 contra·

115 1060 214 1126 rietas
238 1061 290 1125 sit.
314 1059 398 1139 Quia
418 1078 490 1125 uero
514 1060 604 1139 haec,
631 1077 710 1144 quae
733 1061 771 1125 de
793 1058 916 1125 diabolo
937 1056 996 1124 snb
1019 1062 1092 1144 typo
1116 1060 1199 1144 rogis
1222 1057 1326 1143 Baby-

114 1171 198 1237 lonis
211 1172 358 1237 dicuntur
380 1171 447 1256 ejus
464 1171 602 1256 compari
616 1173 665 1237 vel
681 1171 808 1257 suppari
820 1171 1003 1239 antichristo
1017 1173 1202 1256 congruunt,
1216 1171 1328 1254 quippe

116 1282 171 1366 qui
193 1285 227 1347 et
248 1300 305 1348 sua
326 1282 544 1348 aestimatione
576 1283 610 1347 in
642 1282 765 1348 coelum
798 1283 987 1362 conscendit,
1022 1281 1053 1346 in
1087 1284 1195 1346 monto
1227 1283 1326 1346 testa-

114 1393 229 1474 menti,
262 1393 295 1458 in
328 1393 495 1459 eminentia
529 1392 672 1459 videlicet
705 1393 967 1477 legisperitorum,
1000 1394 1033 1457 in
1065 1390 1215 1458 lateribus
1237 1391 1327 1475 aqui·

113 1504 197 1570 lonis
212 1504 248 1570 in
268 1504 390 1590 frigidis
406 1506 438 1569 et
452 1522 471 1569 a
488 1504 628 1569 caritatis
651 1506 754 1570 calore
774 1506 928 1571 extraneis
950 1504 1129 1570 hominibus
1145 1502 1205 1570 sibi
1221 1503 1326 1568 sedam

98 1615 261 1696 collocat,
286 1635 379 1700 super
401 1615 599 1682 altitudinem
612 1635 735 1701 quoqne
749 1616 890 1697 nubium,
914 1618 1020 1699 quales
1042 1616 1142 1680 dictas
1163 1616 1238 1680 sunt
1259 1613 1326 1678 sine

114 1745 197 1812 aqua
207 1728 260 1794 vel
270 1725 403 1793 nebulae
414 1726 592 1795 turbinibus
604 1729 750 1813 agitatae,
770 1727 918 1809 ascendit,
930 1731 1118 1813 superastra
1129 1727 1224 1793 etiam
1236 1723 1324 1806 coeli,

115 1841 222 1925 qualia
244 1839 322 1906 item
342 1840 426 1907 dicta
449 1843 524 1907 sunt
546 1841 648 1906 sidera
669 1840 814 1907 videlicet
836 1841 980 1921 errantia,
1015 1839 1129 1906 solium
1156 1855 1249 1904 snum
1272 1857 1324 1903 ex-

120 1951 212 2033 altat,
233 1970 297 2017 non
318 1952 488 2038 incongrue
510 1953 592 2020 lurte
614 1953 683 2038 quis
705 1953 886 2020 aestimabit
900 1953 1005 2038 ipsum
1024 1953 1063 2018 da
1085 1969 1145 2037 quo
1167 1950 1325 2035 loquimur

113 2062 338 2130 antichristum
371 2065 409 2131 de
430 2064 603 2149 Babylonia
625 2064 819 2131 nasciturum
842 2084 898 2131 seu
920 2067 1097 2145 venturum,
1117 2067 1153 2130 ut
1177 2065 1324 2147 quemad-

115 2173 250 2239 modum
271 2174 389 2240 christo
411 2175 616 2241 antichristus
635 2175 804 2259 opponitur
824 2176 870 2241 ita
893 2178 925 2241 at
944 2175 1064 2242 civitati
1086 2175 1108 2244 J
1110 2174 1263 2242 omsalem
1285 2174 1323 2240 de

115 2301 177 2367 qua
211 2284 453 2368 scriptumest:
499 2287 590 2370 quia
623 2287 666 2352 do
699 2288 796 2355 Sion
834 2286 962 2354 exibit
998 2290 1058 2355 lex
1091 2292 1129 2353 et
1161 2285 1323 2353 verbum

114 2394 272 2462 Domini
294 2399 340 2463 ds
361 2396 384 2465 J
392 2397 634 2481 arusaleml)
656 2398 766 2464 ciuitas
789 2399 844 2464 illa
868 2397 983 2466 diaboli
1006 2398 1148 2485 Babylon
1171 2399 1268 2466 otiam
1289 2396 1323 2462 in

115 2503 175 2573 hoc
199 2510 383 2592 opponatur,
407 2510 491 2594 quod
510 2529 547 2575 ex
568 2527 603 2576 ea
626 2513 775 2576 venturus
800 2509 842 2575 sit
863 2509 1077 2577 antichristus.
1101 2511 1142 2576 lot
1164 2509 1232 2594 quis
1248 2508 1322 2575 huic

115 2618 254 2702 opinioni
277 2621 491 2686 contradicat?
513 2621 590 2703 Quis
613 2640 684 2688 vero
707 2622 803 2688 etiam
824 2621 983 2687 affirmare
1005 2623 1144 2687 audeat?
1187 2620 1270 2686 Nam
1293 2621 1321 2686 si

114 2729 292 2796 manifestis
326 2735 434 2798 sancta
467 2732 621 2817 scriptura
653 2732 769 2799 diceret
787 2731 890 2798 verbis
911 2732 1133 2798 antichristum
1156 2733 1194 2797 de
1215 2729 1321 2815 Baby·

114 2838 197 2906 lonia
219 2843 387 2907 venturum
408 2842 510 2909 adhuc
528 2843 672 2910 subesset
693 2844 824 2910 dubium
846 2846 884 2913 de
907 2865 1040 2931 quanam
1063 2850 1213 2913 venturus
1236 2847 1320 2912 osset

114 2950 298 3037 Babylonia,
321 2956 428 3018 utrum
450 2953 594 3022 videlicet
615 2957 653 3021 do
675 2956 739 3036 illa,
763 2975 841 3040 quae
863 2959 985 3042 proprie
1000 2958 1173 3044 Babylonia
1194 2959 1317 3040 dicitur,

114 3063 174 3129 sita
207 3065 241 3130 in
261 3083 390 3148 campo
413 3064 560 3150 Dura‚³)
599 3085 639 3131 an
659 3068 704 3132 de
730 3067 831 3133 Roma
854 3069 991 3150 civitate,
1015 3088 1094 3154 qnae
1115 3069 1234 3154 tropice
1256 3071 1319 3135 Ba-

114 3172 208 3258 bylon
231 3176 354 3257 dicitur,
388 3176 542 3242 nimirum
562 3181 689 3263 propter
711 3178 874 3263 superbiae
896 3198 932 3246 ac
955 3200 1077 3247 morum
1100 3182 1185 3247 illius
1206 3181 1318 3247 simili·

113 3286 263 3352 tudinem.
323 3289 412 3356 Unde
446 3289 558 3354 Petrus
596 3292 762 3373 apostolus
796 3291 915 3357 Itomae
948 3294 1140 3359 constitutus
1173 3290 1317 3358 fidelibus

23 3431 24 3436 κ
114 3396 239 3462 scribit:
293 3397 461 3464 Salutat
496 3418 582 3480 vos,
623 3401 783 3484 inquiens,
817 3403 996 3468 ecclesia
1028 3405 1068 3468 in
1108 3403 1317 3488 Babylone

114 3507 336 3594 collecta,⁴)
361 3509 421 3576 sub
443 3510 569 3577 nomine
590 3510 759 3596 Babylonis
782 3513 915 3578 Romam
938 3517 1043 3581 volens
1066 3516 1209 3600 intelligi.
1250 3519 1316 3582 Ant

113 3618 207 3686 otiam
241 3621 314 3705 quia
346 3620 516 3705 Babylonis
550 3623 676 3690 nomine
716 3626 825 3691 mundi
857 3625 951 3709 hujus
984 3628 1017 3693 iu
1049 3627 1187 3712 maligno
1221 3629 1315 3713 positi

112 3731 251 3798 conlusio
285 3731 366 3798 solet
387 3733 541 3817 generalis
564 3733 597 3800 in
620 3735 783 3820 scripturis
816 3737 914 3822 accipi
935 3740 972 3803 ut
994 3741 1042 3802 est
1063 3738 1156 3817 illud3
1202 3759 1317 3824 super

113 3837 519 3929 lluminaBabylonis
542 3846 635 3914 illic
659 3849 837 3916 sedimus
861 3853 899 3916 et
921 3848 1151 3936 flevimus⁵)
1175 3851 1309 3918 utillud:

213 4151 233 4223 ¹)
253 4155 320 4223 Eph.
339 4157 365 4212 6.
387 4157 430 4212 12.

210 4251 394 4320 &mab

209 4351 230 4416 Β)
248 4352 312 4408 Dan.
333 4353 359 4409 3.
379 4353 403 4408 1.

208 4449 474 4517 fflfflmhffi

208 4548 421 4620 bhffli
