3158 5212
510 277 515 314 l

230 384 269 450 18

223 554 258 618 in
297 555 435 621 canticis
459 553 676 620 canticorum:
722 553 851 635 Surge
888 551 1020 635 aquilo
1058 551 1211 615 etveni
1247 548 1428 632 auster.¹)

226 663 348 747 Nempe
370 664 475 747 aquilo
498 663 630 746 frigidus
653 667 765 730 ventus
788 665 871 728 recte
892 662 925 726 in
947 663 1021 744 typo
1044 658 1166 725 diabolo
1190 661 1334 745 congruit
1356 661 1429 744 quia

227 782 258 838 et
279 774 346 858 ipse
368 799 387 838 a
410 775 548 841 caritatis
582 777 656 861 igne
677 775 794 841 alienos
816 772 958 839 homines
990 789 1063 836 suos
1086 788 1234 855 sequaces
1256 770 1427 854 impietatis

227 887 302 972 gelu
325 885 520 971 constringit.
565 886 655 953 Unde
677 886 745 970 ipse
767 887 800 951 iu
822 887 896 969 typo
920 884 1004 969 regis
1024 883 1194 970 Babylonis
1228 884 1266 948 de
1293 903 1326 948 se
1346 883 1428 966 apud

226 995 342 1061 isaiam
363 997 549 1080 prophetam
568 997 708 1081 loquitur
729 998 852 1064 dicens:
890 995 935 1063 ln
971 997 1129 1062 coelum
1161 994 1429 1061 conscendam

227 1089 346 1192 supra
369 1111 481 1173 astra
503 1109 606 1174 coeli
638 1109 825 1174 exaltabo
860 1109 1007 1174 solium
1040 1126 1185 1188 meum,
1219 1105 1366 1172 sedebo
1389 1105 1429 1170 in

227 1223 356 1285 monte
390 1219 630 1285 testamenti
662 1219 700 1286 in
730 1219 925 1285 lateribus
959 1218 1180 1304 aquilonis,
1214 1218 1429 1284 ascendam

227 1350 348 1415 super
380 1331 650 1396 altitudinem
683 1329 866 1411 nubium,
901 1330 1055 1396 similis
1078 1348 1144 1396 ero
1175 1327 1430 1408 altissimoff)

227 1439 350 1507 diabolo
384 1445 497 1527 quippe
518 1444 552 1509 in
573 1443 695 1509 coelum
727 1443 933 1509 conscendere
962 1445 1010 1508 est
1031 1443 1173 1508 homines
1197 1439 1430 1506 conversatione

228 1551 376 1620 coelestes
393 1553 453 1620 sibi
467 1555 546 1622 uelle
558 1553 735 1639 subjugare.
759 1552 861 1637 Super
882 1556 969 1620 astra
991 1554 1069 1620 coeli
1091 1554 1206 1619 solium
1226 1553 1273 1619 illi
1295 1553 1431 1618 exaltare

227 1669 276 1730 est
297 1664 483 1732 illustriores
516 1665 599 1732 inter
620 1669 745 1732 sanctos
768 1666 865 1732 veluti
899 1666 1056 1750 subJ'ectos
1079 1668 1158 1732 velle
1178 1665 1346 1750 possidere.
1392 1663 1432 1728 In

227 1779 333 1842 monte
355 1779 535 1844 tastamenti
569 1779 675 1844 sedere
697 1778 742 1844 illi
764 1781 812 1844 est
835 1777 931 1844 etiam
952 1778 1107 1843 litteratos
1141 1795 1178 1842 ae
1200 1776 1330 1842 scientia
1350 1775 1430 1862 legis

231 1888 402 1955 eminentes
427 1888 631 1974 obsequentes
653 1889 777 1956 habere.
815 1888 914 1973 Super
935 1889 1132 1955 altitudinem
1153 1886 1285 1953 nubium
1307 1885 1335 1951 ei
1357 1903 1432 1950 con·

228 2001 373 2066 scandere
406 2004 455 2066 est
477 2000 577 2065 ordini
598 2000 632 2066 in
654 2000 785 2066 ecclesia
817 2001 1066 2084 praedicatorum
1098 2000 1148 2065 vel
1170 1998 1266 2065 etiam
1288 1997 1321 2062 in
1344 1996 1430 2062 coelo

230 2110 407 2194 agminibus
444 2112 628 2195 angelorum
667 2111 870 2194 semetipsum
899 2110 979 2176 falsa
1012 2109 1230 2176 aestimatione
1265 2107 1430 2193 praeferre.

230 2220 335 2286 Habet
356 2225 462 2288 tamen
486 2222 627 2288 diabolus
651 2223 747 2288 etiam
769 2222 958 2288 inveritate
981 2225 1067 2288 astra
1083 2221 1142 2287 sibi
1157 2220 1307 2306 subjecta,
1331 2221 1433 2286 sidera

229 2316 374 2399 videlicet
395 2334 539 2413 errantia,
573 2333 715 2400 homines
748 2337 853 2400 mente
889 2337 1052 2418 corruptos
1075 2333 1108 2397 in
1129 2333 1290 2416 impietate
1313 2335 1435 2416 specta·

228 2442 318 2523 biles,
356 2444 514 2528 reprobos,
553 2445 635 2512 cirea
657 2446 752 2511 fidem
774 2447 922 2525 errantes,
959 2447 990 2510 et
1021 2446 1054 2510 in
1087 2463 1222 2509 errorem
1262 2445 1433 2508 mittentes.

230 2554 335 2620 Habet
358 2559 390 2622 et
412 2575 484 2623 suas
506 2557 605 2624 nubes
627 2559 682 2624 sed
704 2557 833 2624 nubes
858 2558 947 2624 sine
969 2556 1102 2642 aquai)
1129 2560 1161 2622 et
1182 2556 1311 2622 nebulas
1332 2554 1435 2620 turbi-

230 2664 322 2733 nibus
345 2668 490 2752 agitatas,
512 2670 655 2738 homines
679 2671 800 2737 scilieet
822 2690 896 2736 suae
917 2670 1087 2753 impietatis
1110 2668 1231 2752 bajulos
1255 2669 1309 2734 sed
1330 2670 1434 2732 trans·

231 2777 430 2864 figurantem)
455 2801 488 2847 se
512 2785 600 2850 velut
621 2783 782 2848 ministros
801 2781 945 2866 justitiae
968 2801 1039 2846 cum
1060 2782 1123 2846 sint
1137 2780 1274 2846 ministri
1296 2783 1433 2858 satanae,

231 2891 492 2972 quemadmodum
514 2894 634 2977 etipse
657 2899 782 2960 satanas
806 2914 838 2958 se
862 2893 1065 2977 transfigurat
1100 2891 1133 2954 in
1171 2893 1318 2974 angelum
1341 2891 1433 2956 lucis.

231 2999 274 3064 Hi
305 3007 500 3070 sacramenta
532 3005 679 3070 eeclesiae
712 3005 853 3090 quamvis
874 3004 1041 3082 interdicti,
1079 3002 1240 3086 degradati
1258 3006 1290 3066 et
1312 3021 1435 3067 excom-

232 3113 392 3193 municati,
416 3115 489 3180 licet
510 3116 658 3183 haeretici
681 3121 712 3182 et
735 3117 926 3182 schismatici
949 3115 1012 3180 ritu
1035 3113 1247 3179 ecclesiastico
1269 3113 1435 3178 nobiscum

232 3224 424 3306 specietenus
447 3227 613 3308 celebrant,
636 3232 763 3313 propter
786 3229 868 3312 quod
889 3227 988 3292 nubes
1010 3244 1047 3291 ac
1069 3224 1199 3290 nubium
1216 3226 1333 3291 similes
1350 3226 1434 3304 sunt,

232 3335 367 3417 speciem
389 3337 513 3421 quidem
546 3339 670 3423 pietatis
704 3340 737 3403 in
760 3341 876 3405 eisdem
910 3340 1113 3404 sacramentis
1136 3338 1295 3417 habentes,
1318 3338 1436 3403 virtute

236 3466 308 3514 vero
331 3449 380 3514 vel
402 3450 540 3516 efficacia
573 3450 706 3533 spiritali
727 3453 760 3515 in
783 3451 826 3516 eis
850 3455 989 3516 carentes
1027 3451 1123 3516 immo
1148 3453 1180 3513 et
1203 3449 1437 3513 damnationem

238 3557 297 3624 sibi
331 3561 458 3644 suisque
479 3565 551 3644 post
572 3561 774 3628 interdictum
807 3561 1124 3627 communicatoribus
1145 3560 1319 3640 afferentes
1353 3560 1437 3643 quod

235 3673 266 3734 et
288 3671 386 3736 nubes
423 3672 549 3755 quidem
579 3693 647 3739 esse
680 3673 734 3738 sed
753 3673 842 3756 aquis
867 3690 970 3738 carere
992 3691 1028 3738 ac
1049 3692 1105 3755 pro
1127 3672 1216 3756 aquis
1239 3668 1436 3756 grandinem)

239 3780 311 3864 igne
332 3782 445 3848 mixtas
469 3784 619 3849 emittere.
650 3783 734 3850 Oceli
756 3803 878 3868 quoque
896 3783 989 3867 hujus
1012 3785 1096 3849 aerei
1117 3783 1260 3850 diabolus
1283 3803 1382 3866 nsque
1403 3782 1436 3847 in

239 3892 321 3956 diem
349 3891 469 3976 judicii,
503 3895 625 3978 quando
658 3896 801 3961 mittetur
822 3897 855 3959 in
876 3894 1035 3979 abyssum,
1073 3893 1230 3961 habitator
1263 3896 1320 3976 est,
1354 3894 1436 3960 unde

233 4035 316 4044 —na—

348 4105 358 4175 )
378 4107 449 4162 Cant.
469 4109 494 4162 4.
514 4109 557 4164 16.

347 4204 413 4273 )Js
437 4207 544 4263 14.13.
565 4209 608 4263 14.

346 4303 356 4372 i

347 4401 356 4472 )

375 4305 459 4357 Judae
479 4306 521 4360 14.

375 4405 431 4458 cod.
453 4407 647 4463 transferentes.

337 4499 356 4579 l)
377 4503 431 4556 eod.
451 4508 609 4580 grandiores,

339 4111 347 4140 i

337 4207 347 4237 ἢ

335 4307 345 4338 8

335 4403 346 4435 4
