3158 5212
260 386 302 449 14

258 553 460 636 dispositione
475 553 659 628 castrorum,
683 569 755 615 eum
769 549 1040 633 proficiscerentur
1054 551 1092 614 de
1107 547 1252 634 Aegypto
1275 547 1332 613 filii
1354 550 1469 627 Israel,

257 665 362 729 locum
383 663 423 728 ad
445 661 623 747 aquilonem
645 660 757 727 sortita
780 663 837 741 est,
860 663 892 727 et
916 662 998 746 quod
1022 662 1060 726 da
1082 660 1191 727 eadam
1213 659 1297 726 tribu
1318 660 1351 729 in
1373 660 1475 726 bene·
1555 673 1556 708 ι

257 773 445 842 dictionibus
461 773 656 858 patriarchae
671 772 771 840 Jacob
794 773 876 840 filios
900 792 974 838 snos
996 770 1207 838 benedicentis
1230 771 1362 838 dicitur:
1386 771 1475 842 fiat
1555 777 1556 834 l

257 887 341 952 Dan
377 883 538 951 coluber
574 885 612 948 in
649 884 726 963 via,
770 889 945 950 cerastes
992 884 1030 950 in
1067 880 1243 969 semita¹)
1288 884 1473 949 mordens

258 996 560 1084 ungulasequi‚
594 991 1381 1080 utcadatascensorejusretrorsum.²)
1426 995 1475 1059 Et
1555 1055 1556 1058 ,

257 1111 335 1176 illud
368 1109 450 1192 quod
483 1107 584 1172 tribus
616 1106 687 1171 Dan
719 1107 760 1171 ad
782 1107 959 1191 aquilonem
988 1107 1021 1173 iu
1053 1107 1257 1192 dispositione
1290 1109 1472 1172 castrorum

257 1221 363 1287 locum
385 1218 496 1284 sortita
529 1220 579 1284 est
606 1234 719 1300 parum
740 1217 789 1282 vel
810 1216 888 1283 nihil
921 1219 963 1284 ad
983 1237 1051 1284 rem
1072 1218 1174 1284 tacere
1197 1218 1335 1298 videtur,
1369 1220 1406 1284 ιιι
1429 1217 1472 1281 de

258 1329 343 1396 trihu
365 1328 419 1395 illa
441 1331 591 1393 venturus
614 1327 817 1393 antichristus
840 1331 992 1412 putetur.⁴
1022 1329 1089 1396 Αιιι
1110 1331 1137 1396 si
1160 1329 1350 1414 aquilonaris
1372 1330 1464 1394 locus

259 1439 436 1508 antichristi
469 1439 661 1524 generationi
698 1442 873 1522 competere
907 1441 1100 1526 aestimetur,
1139 1441 1211 1526 quia
1233 1441 1386 1526 seriptum
1408 1438 1469 1505 sit:

260 1555 305 1620 ab
328 1553 523 1638 aquilona
545 1554 739 1637 pandetur
760 1551 950 1640 malum,³)
973 1554 1051 1619 nihil
1073 1557 1179 1620 mmen
1201 1572 1311 1639 cogere
1333 1553 1470 1632 videtur,
1555 1587 1556 1590 =

259 1669 381 1732 utnon
403 1667 441 1730 de
463 1665 525 1730 alia
548 1683 643 1750 quam
658 1666 695 1730 de
710 1664 796 1731 tribu
810 1665 881 1730 Dan
896 1663 1098 1732 autichristus
1120 1665 1298 1731 nasciturus
1321 1663 1372 1745 sit,
1394 1682 1472 1730 cum
1555 1645 1556 1648 ¹

258 1777 411 1863 plurimae
433 1779 556 1861 gentes,
591 1794 630 1841 ne
652 1775 755 1840 dicam
776 1774 888 1856 tribus,
922 1776 962 1840 ad
984 1775 1162 1859 aquilonem
1183 1774 1336 1856 habitent,
1371 1776 1407 1840 ιιι
1430 1775 1472 1840 de

260 1907 322 1973 qua
343 1884 501 1973 illarum)
536 1888 646 1954 eadem
678 1885 790 1952 bestia¹
804 1889 952 1952 nascatur
974 1885 1145 1952 dubitabile
1167 1886 1219 1952 sit.
1262 1885 1372 1970 Neque
1393 1903 1471 1951 vero

260 2001 328 2066 sole
349 1999 450 2065 tribus
472 1999 543 2064 Dan
576 1998 631 2064 sed
663 2016 734 2064 cum
757 1997 812 2063 illa
835 1985 957 2082 quoque
993 1996 1074 2063 aliae
1107 1999 1187 2065 duae
1208 1998 1310 2064 tribus
1333 1997 1415 2064 Aser
1437 2000 1473 2062 et

259 2109 407 2194 Nephtali
436 2113 540 2175 castra
561 2109 672 2174 metati
694 2112 768 2174 sunt
790 2109 830 2173 ad
851 2109 1039 2193 aquilonem.
1069 2110 1153 2175 Illud
1176 2129 1248 2176 vero
1271 2109 1469 2193 patriarchae

258 2220 359 2289 Jacob
381 2220 462 2286 fiet
484 2222 565 2287 Dan
587 2219 754 2288 coluber
775 2223 813 2287 iu
834 2221 894 2287 via
916 2223 987 2288 etc.
1019 2239 1091 2287 cum
1112 2219 1293 2287 antichristi
1313 2219 1473 2305 impietati

257 2352 320 2400 non
341 2333 511 2418 incongrue
541 2335 666 2418 aptetur
689 2353 724 2400 eo
749 2335 831 2418 quod
853 2332 920 2417 ipse
942 2332 1069 2400 coluber
1097 2352 1153 2418 par
1173 2334 1345 2398 versutiam
1366 2334 1472 2398 tortu·

258 2463 333 2510 osus
354 2447 387 2510 et
408 2443 499 2528 quasi
521 2447 657 2511 cerastes
679 2465 734 2530 per
756 2444 923 2512 elationem
946 2445 1091 2512 videlicet
1112 2445 1309 2530 tyrannicam
1331 2446 1363 2510 et
1381 2443 1471 2510 viru-

258 2557 376 2622 lentam
396 2556 568 2640 nequitiam
603 2559 733 2622 cornuto
757 2557 893 2642 serpenti
916 2556 1029 2623 similis
1052 2558 1219 2643 deputetur
1240 2557 1373 2643 ungulas
1396 2555 1472 2640 equi

258 2669 414 2747 mordens,
447 2670 599 2753 populum
628 2667 836 2734 christianum
858 2668 989 2734 Domini
1022 2667 1222 2753 subjugalem
1244 2667 1409 2753 decipiens,
1432 2669 1471 2733 ιιι

259 2781 351 2847 cadat
372 2798 519 2847 ascensor
542 2778 619 2864 ejus,
657 2780 789 2862 quilibet
809 2779 953 2847 videlicet
974 2780 1178 2863 praedicator,
1208 2781 1391 2858 retrorsum,
1412 2797 1471 2862 po-

258 2891 340 2976 pulis
374 2891 523 2958 nimirum
556 2895 693 2957 rectores
727 2911 801 2958 suos
836 2894 868 2956 et
889 2892 922 2956 in
943 2891 1020 2975 ipsis
1043 2891 1216 2958 Dominum
1253 2891 1319 2957 sine
1350 2890 1470 2956 honore

260 3002 490 3087 abjicientibus,
525 3007 632 3071 tamen
664 3003 736 3088 quia
757 3003 922 3087 prophetia
944 3005 1002 3082 est,
1037 3021 1115 3086 quae
1137 3002 1244 3087 utique
1265 3002 1390 3087 propria
1412 2999 1471 3066 ob·

260 3114 409 3181 sturitate
443 3114 611 3200 obtegitur,
649 3134 741 3180 nemo
775 3135 830 3199 per
850 3115 911 3181 hoo
933 3115 1065 3200 cogitur,
1099 3119 1220 3182 utnon
1243 3115 1304 3181 nisi
1326 3113 1469 3179 deeuti·

259 3226 377 3294 christo
400 3226 519 3292 dictum
541 3227 747 3311 intelligatur,
780 3227 916 3292 manime
946 3246 1019 3293 cum
1041 3227 1096 3292 alii
1118 3229 1248 3294 eandem
1269 3225 1470 3310 prophetiam

258 3338 292 3403 in
314 3337 465 3404 samsone
487 3339 650 3423 impletam
672 3340 861 3404 asseverent.
906 3337 979 3422 Ipse
1002 3339 1085 3404 enim
1106 3339 1242 3406 inimicis
1264 3337 1368 3422 gentis
1392 3354 1468 3403 suae

261 3447 441 3514 Philistaeis
464 3449 602 3515 interra
624 3450 721 3516 Sarae
743 3451 776 3513 et
798 3449 906 3516 listaol
928 3453 995 3516 erat
1017 3451 1106 3535 quasi
1128 3449 1255 3516 coluber
1276 3450 1309 3514 in
1332 3448 1383 3514 via
1405 3467 1468 3513 non

260 3561 366 3627 sinens
400 3562 526 3627 illaesos
561 3563 694 3628 transire
726 3560 799 3626 hinc
830 3561 903 3626 iude
924 3560 1093 3641 venientes,
1117 3580 1194 3645 quos
1217 3561 1375 3643 inopinate
1396 3563 1470 3625 utut

258 3673 320 3755 ipsi
342 3673 464 3738 causari
485 3676 630 3756 poterant
652 3691 740 3739 more
763 3671 886 3738 colubri
909 3673 958 3738 vel
979 3673 1102 3739 cornuti
1124 3671 1277 3758 serpentis
1293 3664 1355 3738 nou
1371 3674 1469 3738 semel

260 3784 316 3850 sed
339 3783 461 3868 saepius
495 3783 615 3868 ingenti
636 3786 728 3870 plaga
747 3784 913 3869 percussit,
947 3786 984 3851 ut
1016 3785 1054 3850 de
1087 3802 1163 3850 casu
1195 3802 1318 3867 quoque
1339 3783 1468 3848 illorum

260 3898 433 3962 retrorsum
463 3893 547 3961 iacto
576 3896 731 3980 scriptura
760 3915 822 3962 non
857 3895 989 3962 tacuerit
1016 3895 1131 3978 dicens
1156 3895 1229 3980 quia
1251 3895 1466 3976 stupentes

363 4186 465 4258 1)(ιιιι.
485 4186 530 4243 49.
550 4189 593 4243 17.

362 4289 382 4354 ²)
401 4289 477 4343 Num.
499 4287 525 4340 2.
544 4287 588 4344 25.

360 4385 382 4456 8)
401 4387 496 4442 Jerem.
518 4387 542 4442 l.
564 4387 608 4442 14,

361 4483 384 4557 ⁴)
405 4485 463 4540 cod.
482 4485 595 4542 illorum.
