3168 5190
255 389 320 456 238

256 565 314 644 est,
337 563 375 629 de
397 580 458 644 qno
480 562 605 626 tantum
636 560 766 625 luminis
802 558 971 643 sapientiae
992 560 1110 627 vicinae
1131 560 1205 626 illae
1227 560 1360 627 virtutes
1382 561 1458 627 han·

255 676 373 754 serunt,
395 675 432 738 ut
451 690 515 736 non
534 671 637 737 solum
656 671 690 735 in
711 689 746 736 se
766 669 844 755 ipsis
864 671 1004 736 illustres
1025 673 1058 736 et
1079 671 1156 736 clari
1178 671 1250 752 sint,
1262 673 1318 738 sed
1338 675 1377 739 ut
1398 691 1456 738 no·

256 783 316 852 atri
329 801 452 867 qnoque
465 781 690 848 illuminatores
713 779 775 846 dici
789 783 822 846 et
836 800 904 846 esse
917 781 1021 846 idonei
1036 781 1109 848 sint.
1131 782 1255 848 Horum
1268 783 1456 869 praecipuus

255 912 295 961 ac
315 891 405 960 nobis
427 911 464 959 ex
496 890 659 976 scripturis
680 889 864 956 notissimus
887 893 937 957 est
958 890 1163 977 archangelus
1186 891 1329 977 Gabriel,
1354 895 1408 979 qui
1430 897 1461 960 et

255 1006 408 1091 virginem
440 1003 664 1088 gravidandam
692 1002 878 1086 mysterium
898 1003 1087 1070 sacramenti
1108 1004 1275 1089 singularis
1298 1005 1409 1071 edocet
1430 1009 1461 1073 et

256 1117 442 1206 prophetam
472 1111 577 1182 verbis
599 1113 664 1179 suis
685 1113 879 1179 incredulum
915 1113 1021 1198 arguit
1042 1116 1074 1178 et
1094 1115 1228 1181 mulctat
1249 1115 1382 1197 silentio,
1405 1117 1460 1201 qui

257 1231 290 1296 et
309 1227 475 1294 nutritium
505 1225 594 1310 pueri
618 1223 738 1308 Joseplr
759 1228 867 1291 crebro
889 1224 1091 1292 admonuisse
1113 1226 1264 1295 creditur:
1296 1227 1400 1313 primo
1422 1246 1461 1294 ne

257 1339 387 1425 virginis
419 1337 565 1422 gravidae
598 1334 790 1400 consortium
823 1336 994 1415 desereret3
1028 1337 1173 1418 secundo,
1205 1342 1242 1404 ut
1271 1357 1407 1424 puerum
1427 1338 1460 1404 in

258 1451 439 1537 Aegyptum
460 1447 584 1533 fugiens
605 1445 764 1512 Herodem
785 1444 927 1526 duceretp
949 1446 1053 1528 tertio,
1076 1450 1113 1513 nt
1135 1449 1268 1514 eundem
1288 1448 1322 1514 in
1343 1453 1461 1516 terram

257 1561 355 1630 Israel
369 1558 515 1627 delnnoto
530 1557 655 1624 Herode
675 1557 845 1623 reduceret
867 1557 940 1641 Ipse
955 1576 1078 1642 quoqne
1092 1558 1254 1626 Danielem
1274 1557 1462 1646 prophetam

261 1673 456 1739 sacramenta
478 1669 629 1755 mysticae
650 1667 779 1735 visionis
800 1666 841 1732 ab
862 1669 973 1754 angelo
995 1669 1056 1735 alio
1065 1668 1177 1754 jussus
1190 1671 1364 1758 intelligere
1377 1670 1462 1740 lecit.

258 1783 320 1852 Sed
342 1785 374 1848 et
393 1783 426 1848 in
448 1785 589 1867 tempore
610 1779 731 1865 gratiae
752 1779 884 1863 martyri
905 1781 1098 1847 sermonanti
1112 1784 1242 1868 angelus
1256 1783 1376 1850 librum
1390 1787 1463 1851 ante

260 1895 366 1963 oculos
398 1893 534 1960 ministri
562 1894 630 1959 loco
653 1891 791 1958 tenuisse
813 1891 899 1958 visus
921 1894 979 1972 est,
1013 1894 1052 1959 de
1075 1913 1136 1980 qno
1159 1895 1248 1979 qnasi
1266 1896 1373 1981 legens
1397 1915 1464 1964 ser·
1568 1973 1569 1976 Ἴ

261 2007 363 2074 monis
385 2004 602 2072 admirabilem
623 2004 759 2090 gretiam
780 2007 964 2071 mutuasset.
988 2003 1190 2072 Sebastianus
1212 2005 1264 2072 hic
1286 2008 1362 2074 arat.

359 2119 404 2184 111
425 2117 537 2183 horum
570 2115 818 2182 illuminatorum
850 2134 979 2182 numero
1003 2117 1035 2182 et
1055 2116 1102 2182 illi
1123 2116 1216 2183 amici
1249 2117 1463 2203 spondeant,
1568 2153 1569 2204 p

259 2228 314 2314 qui
335 2246 479 2315 sponsae,
502 2230 628 2294 sanctae
642 2227 787 2294 videlieet
801 2227 933 2308 animae,
951 2227 1090 2295 Verbum
1112 2227 1255 2313 diligenti
1279 2231 1311 2294 et
1324 2247 1344 2294 a
1358 2229 1462 2298 Verbo

260 2339 391 2408 ddectae
412 2341 445 2405 in
466 2339 711 2432 consolationem
732 2339 921 2423 promittunt
942 2338 1095 2405 dicenter:
1133 2337 1372 2406 Murenulas
1393 2357 1466 2408 au·

260 2469 344 2520 reas
366 2449 565 2518 iaciemus
588 2450 669 2517 tibi
690 2451 973 2517 vermiculatas
995 2451 1207 2535 argento.¹)
1245 2451 1313 2518 Hae
1330 2469 1465 2536 namque

260 2581 409 2630 murenae
430 2579 468 2628 ao
488 2562 708 2628 similitudines
730 2561 808 2642 anri,
841 2561 958 2628 utalia
980 2562 1144 2628 translatio
1166 2562 1271 2644 habet,
1307 2562 1465 2648 imagines

262 2674 415 2758 quaedem
445 2673 677 2759 praecursoriae
699 2677 780 2756 sunt,
816 2691 892 2756 quas
915 2675 991 2739 dum
1011 2673 1116 2752 angeli
1147 2673 1263 2742 sanctis
1297 2673 1487 2742 animabus

260 2782 294 2848 11
315 2781 434 2850 visione
467 2782 557 2866 quasi
586 2801 661 2849 auro
683 2786 715 2848 et
736 2785 864 2867 argento
899 2781 1086 2850 fabrefactus
1120 2786 1289 2852 ostendunt
1307 2787 1349 2852 ad
1373 2786 1467 2853 mini·

262 2894 393 2961 sterium
427 2893 514 2960 verbi
546 2893 604 2960 Dei
626 2894 845 2979 promptiores,
877 2893 1134 2978 intelligentiores
1156 2900 1188 2962 et
1209 2895 1406 2964 facundiores
1429 2901 1466 2965 nt
1568 2897 1569 2910 ³

262 3007 429 3091 assurgant
451 3004 600 3072 efficiunt.
643 3005 729 3088 Quae
751 3004 971 3072 similitudines
1005 3007 1073 3071 auri
1096 3025 1133 3074 ac
1154 3025 1301 3074 murenae
1334 3013 1464 3095 argento

263 3115 482 3184 vermiculatae
514 3119 597 3196 sunt,
630 3134 704 3182 nam
740 3116 915 3182 divinorum
944 3135 1023 3200 quae
1045 3120 1164 3203 agenda
1196 3119 1246 3185 vel
1267 3119 1397 3186 dicenda
1418 3121 1467 3187 in·
1568 3099 1569 3102 Ἴ

264 3230 349 3296 stant
372 3227 528 3311 quandam
559 3226 592 3292 in
629 3245 663 3292 se
685 3227 923 3294 similitudinem
943 3228 1160 3313 imaginariam
1181 3235 1417 3315 repraesentant
1436 3252 1466 3299 v.

263 3361 311 3427 gr.
334 3339 447 3407 Petrus
470 3357 525 3406 vas
546 3340 678 3407 linteum
700 3345 834 3425 quatuor
865 3341 962 3406 initiis
985 3342 1023 3408 de
1045 3342 1130 3408 coelo
1152 3343 1193 3407 ad
1215 3361 1248 3409 se
1271 3342 1466 3410 submissum

263 3450 342 3518 vidit
360 3450 393 3515 in
415 3469 474 3536 quo
498 3454 586 3518 erant
608 3451 721 3520 diversi
742 3454 864 3539 generis
887 3455 1033 3521 animalia
1056 3473 1133 3540 quae
1154 3457 1203 3522 lex
1225 3456 1387 3522 immunda
1412 3458 1465 3524 de·

265 3566 363 3634 cernit
375 3563 553 3648 dictumque
568 3567 617 3630 est
632 3565 672 3632 ei:
689 3569 814 3633 macta
829 3572 866 3633 et
881 3567 1106 3651 manduca.²)
1122 3567 1162 3632 ut
1173 3565 1249 3632 naec
1261 3565 1339 3632 visio
1351 3584 1407 3651 per
1419 3570 1467 3634 ter

266 3672 295 3740 ei
315 3677 489 3740 monstrata
511 3678 569 3756 est,
591 3676 675 3742 hand
697 3676 826 3752 dubium
849 3677 924 3763 quin
946 3680 1138 3763 angelorum,
1167 3677 1222 3760 qui
1237 3677 1466 3746 illuminatores

267 3787 349 3864 sunt,
383 3785 565 3866 ministeriu,
601 3788 653 3873 qui
675 3789 740 3854 veri
761 3789 854 3855 amici
888 3789 995 3873 sponsi
1026 3791 1148 3856 animae
1180 3791 1227 3856 illi
1244 3793 1375 3874 sanctae
1409 3789 1466 3856 has

268 3895 357 3980 quasi
377 3899 555 3964 murenulas
576 3898 829 3966 fabrefaciebant.
852 3901 919 3984 Quo
943 3901 1008 3966 viso
1032 3901 1125 3967 simul
1147 3902 1276 3968 edoctus
1294 3904 1342 3968 est
1356 3904 1466 3988 gentes

267 4015 400 4095 quatuor
430 4011 532 4098 plagis
565 4015 672 4080 mundi
708 4010 956 4096 comprehensas,
980 4030 1057 4094 quas
1079 4013 1164 4079 Deua
1197 4012 1369 4096 mundavit,
1402 4031 1466 4080 non

267 4122 378 4192 debere
398 4123 573 4192 immundas
596 4127 748 4210 reputare,
771 4121 845 4209 quin
866 4122 972 4208 potins
995 4124 1088 4190 sciret
1108 4141 1163 4207 per
1185 4141 1278 4190 sunm
1299 4140 1350 4189 eas
1373 4124 1468 4189 mini·

268 4235 397 4312 sterium
417 4233 451 4302 in
472 4254 585 4323 corpus
598 4235 713 4306 Christi
734 4234 940 4319 traiciendas,
963 4235 1045 4320 quod
1068 4233 1162 4302 etiam
1183 4253 1256 4302 mox
1276 4233 1372 4303 alacri
1394 4234 1468 4303 obe·

372 4472 390 4538 ¹)
411 4470 482 4527 Cant.
504 4469 590 4526 1.1o.
612 4498 645 4510 -
667 4468 819 4539 Β)111,10.
842 4471 882 4528 13.
