3172 5202
282 436 343 502 116

280 609 330 672 rel
352 605 437 672 fastu
469 606 591 692 decepti
624 603 805 690 superbiae?
839 619 912 666 nam
946 600 1027 666 sicut
1061 600 1128 685 qui
1150 601 1253 666 male
1275 604 1367 688 agit
1402 606 1481 671 odit

279 715 585 803 lucemtut)nou
608 719 827 802 arguantur
850 711 1086 799 operaejus,
1102 700 1202 798 11111,
1218 713 1373 799 inquiunt,
1390 718 1481 784 etiam

279 830 414 897 istorum
436 828 627 914 superbia
650 826 875 894 odientium
891 823 917 910 ²)
939 825 1103 890 ueritatem
1118 826 1295 894 ascendit
1313 847 1479 914 semper,

280 943 317 1007 ut
338 941 421 1006 male
442 942 571 1024 agentes
604 938 667 1023 ipsi
696 937 814 1023 proprii
836 935 911 1002 lacti
932 934 1043 1001 arbitri
1064 955 1133 1003 1111
1154 937 1261 1004 velint.
1306 936 1478 1024 Numquid,
1567 995 1569 1028 ,

279 1052 433 1136 inquiunt,
456 1070 520 1117 non
543 1046 723 1135 superbiam
745 1049 855 1134 spirat,
878 1047 960 1131 quod
981 1047 1106 1113 invitati
1127 1048 1168 1113 ad
1190 1048 1345 1132 synodum
1369 1049 1483 1136 Papiae

280 1162 496 1247 episcoporum
529 1160 723 1244 aliorumque
756 1159 903 1225 ecclesiae
935 1158 1148 1242 praelatorum
1184 1177 1262 1243 quos
1284 1160 1482 1247 imperatoris

282 1271 430 1338 Friderici
452 1271 664 1338 ecclesiastica
698 1288 735 1337 ac
756 1269 809 1356 pia
832 1269 993 1354 diligentia
1014 1274 1266 1355 congregaverat,
1300 1290 1363 1339 non
1385 1274 1485 1340 solum

280 1402 343 1450 non
365 1387 516 1450 venerunt
550 1383 604 1448 sed
626 1386 657 1448 et
679 1384 899 1466 respondentes
922 1379 1087 1466 superbiae
1109 1381 1263 1463 dixemnt,
1286 1403 1330 1464 se,
1353 1403 1484 1469 quorum

282 1499 365 1563 11111
387 1495 425 1562 de
447 1493 590 1561 omnibus
609 1493 758 1578 Judicare,
792 1494 950 1558 nullorum
982 1491 1165 1558 mortalium
1193 1492 1348 1578 judicium
1382 1495 1487 1563 subire

282 1607 360 1673 velle
380 1609 436 1672 aut
457 1605 592 1672 debere?
614 1605 660 1670 At
681 1607 798 1685 noster,
821 1603 981 1687 inquiunt,
1003 1621 1086 1689 papa
1107 1605 1216 1671 Victor
1238 1624 1338 1692 agnus
1361 1626 1488 1675 mansu·

286 1721 355 1784 etus
376 1716 417 1782 ad
440 1717 606 1784 concilium
644 1715 863 1801 episcoporum
885 1716 1024 1782 renitet
1046 1733 1174 1784 causam
1196 1735 1286 1783 suam
1308 1719 1484 1786 examinan-

155 1847 157 1853 ’
283 1828 356 1893 dam
374 1827 494 1912 judicio
529 1827 677 1898 ecclesiae
710 1825 878 1905 commisit,
916 1824 971 1891 ubi
992 1828 1025 1892 et
1047 1827 1154 1894 ordine
1178 1828 1337 1895 electionis
1360 1834 1392 1897 et
1415 1849 1489 1915 qua·

283 1939 355 2006 liter
376 1939 409 2004 in
432 1938 561 2005 ecclesia
583 1937 614 2002 b.
637 1936 724 2003 Petri
745 1937 813 2021 ipse
834 1937 939 2002 nullus
962 1937 1041 2004 alius
1055 1939 1258 2006 immantatus
1281 1943 1314 2006 et
1334 1941 1489 2008 inthroni-

285 2053 372 2115 zatus
395 2053 444 2116 est
466 2049 629 2133 diligenter
651 2048 789 2133 exposito
813 2048 955 2114 videlicet
979 2047 1037 2115 sub
1055 2048 1261 2134 jurisJurandi
1276 2051 1487 2137 probabilium

287 2162 484 2228 sacerdotum
507 2163 538 2227 et
560 2160 693 2226 aliorum
709 2160 762 2245 qui
775 2157 943 2226 interfuere
955 2160 1140 2226 elericorum
1154 2163 1355 2230 attestatione
1370 2168 1490 2231 semota

287 2272 372 2338 omui
403 2271 482 2337 laica
514 2270 661 2337 violentia
684 2289 739 2337 seu
756 2269 874 2354 judicio
907 2270 940 2336 in
973 2288 1090 2356 papam
1123 2272 1311 2340 catholicum
1343 2277 1491 2343 ecclesiae

287 2383 457 2449 catholicae
489 2400 509 2448 a
542 2382 767 2466 quinquaginta
800 2381 951 2464 episcopis
984 2385 1015 2448 et
1047 2382 1116 2448 aliis
1148 2385 1302 2470 religiosis
1335 2386 1491 2472 patribus,

288 2495 341 2580 qui
363 2494 465 2560 eidem
488 2492 658 2558 interfuere
680 2492 820 2572 concilio,
843 2492 969 2577 agnitus
993 2495 1024 2558 et
1047 2493 1252 2562 confirmatus
1274 2500 1331 2562 111
1374 2496 1439 2564 Ubi
1461 2501 1491 2564 11

287 2607 349 2684 ille,
372 2603 527 2688 inquiunt,
561 2601 779 2670 schismaticus
809 2604 981 2685 Rolandus,
1016 2606 1069 2689 qui
1091 2605 1274 2673 duodecimo
1296 2612 1369 2692 post
1390 2610 1494 2696 Papae

288 2717 425 2784 Victoris
448 2715 632 2782 electionem
654 2718 686 2781 11
707 2715 966 2782 inmantationom
997 2716 1046 2782 die
1068 2717 1150 2802 apud
1174 2718 1331 2786 Cisternas
1352 2720 1493 2786 intrusus

288 2831 338 2895 est
362 2827 402 2894 ab
424 2827 492 2911 ipso
515 2826 641 2892 Victore
662 2843 744 2913 papa
766 2830 797 2892 et
818 2827 961 2896 universo
985 2829 1126 2910 concilio,
1154 2828 1254 2896 tribus
1276 2832 1440 2898 dumtaxat
1462 2850 1494 2897 se

291 2936 546 3006 subtrahentibus
570 2936 734 3038 episcopis,
765 2939 1049 3006 excommunicatus
1073 2943 1130 3007 est.
1164 2941 1250 3008 Haec
1272 2942 1380 3008 dicunt
1402 2942 1496 3008 simul

290 3053 322 3117 et
342 3050 463 3120 litteras
488 3049 638 3133 quasdam
671 3046 791 3132 pridem
812 3068 831 3114 a
852 3068 934 3134 papa
955 3051 1102 3136 Adriano,
1135 3053 1213 3120 alias
1236 3054 1332 3120 etiam
1353 3057 1495 3139 postmo-

290 3163 366 3228 dum
388 3158 428 3226 ab
450 3158 626 3226 Alexandro
649 3161 689 3224 ad
711 3159 854 3226 inimicos
876 3161 999 3245 imperii
1021 3159 1132 3247 quasi
1155 3164 1288 3233 directas
1302 3165 1335 3232 in
1351 3167 1495 3233 testimo·

290 3273 378 3338 nium
410 3269 512 3337 factae
545 3272 653 3335 contra
684 3269 852 3355 imperium
890 3274 1130 3359 conspirationis
1164 3275 1335 3359 proferunt.
1379 3277 1496 3344 Factae

290 3385 397 3449 autem
418 3380 572 3466 ejusmodi
587 3381 825 3464 conspirationis
850 3383 945 3449 etiam
965 3405 999 3451 se
1019 3385 1107 3471 ipsos
1130 3389 1226 3454 testes
1248 3388 1413 3473 proferunt
1433 3389 1496 3456 duo

288 3495 335 3561 illi
356 3492 536 3572 cardinales,
560 3494 612 3577 qui
634 3494 813 3560 octavianae
845 3496 944 3580 partis
968 3500 1050 3577 suut,
1086 3501 1194 3582 utpote
1229 3498 1293 3583 qui,
1319 3500 1401 3567 sicut
1434 3500 1497 3586 ipsi

263 3593 265 3603 ’
291 3605 445 3683 fatentur,
469 3601 608 3687 ejusdem
630 3605 869 3690 conspirationis
892 3607 968 3672 socii
991 3608 1149 3674 extiterint
1170 3610 1202 3674 et
1223 3609 1390 3696 participes
1412 3612 1498 3678 illius

292 3715 375 3781 male
396 3716 541 3797 111111
562 3717 706 3798 acceptae
735 3715 884 3801 pecuniae
906 3717 1125 3801 impunitatem
1147 3719 1208 3786 sibi
1229 3739 1326 3805 super
1345 3719 1406 3786 hoc
1426 3721 1496 3805 ipso

292 3826 375 3909 apud
394 3825 562 3910 imperium
583 3827 812 3910 promittentes,
829 3846 865 3893 eo
889 3829 971 3913 quod
991 3827 1114 3912 legibus
1137 3829 1362 3916 imperatorum
1383 3831 1416 3897 in
1438 3832 1498 3898 cri·

293 3936 377 4002 mine
407 3937 510 4005 laesae
543 3936 716 4022 majestatis
750 3936 959 4021 proditoribus
994 3939 1089 4005 etiam
1122 3940 1215 4006 sociis
1246 3940 1412 4008 criminum
1433 3960 1498 4008 non

294 4047 397 4113 solum
429 4047 601 4133 impunitas
633 4047 829 4133 promittitur
863 4050 917 4116 sed
939 4049 1095 4117 etiamad
1117 4051 1350 4120 testificandum
1388 4058 1498 4122 contra

295 4158 398 4225 socios
421 4157 587 4224 criminum
610 4158 828 4226 admittuntur.
853 4159 913 4226 Sed
928 4178 991 4227 non
1005 4161 1050 4227 sic
1067 4161 1295 4232 ecclesiasticae
1316 4165 1402 4250 leges
1425 4183 1499 4234 oon·

400 4419 418 4481 ¹)
437 4415 511 4468 Joan.
531 4414 558 4472 3.
578 4414 621 4470 20.

396 4510 606 4584 bffiffiffi
