3168 5190
272 374 337 440 274

272 564 340 612 esse
362 547 493 613 dicatur.
537 545 618 630 Quid
638 564 712 630 ergo
735 544 795 612 sibi
818 548 886 613 vult
908 547 980 613 talis
1002 549 1228 630 determinatio,
1252 569 1330 634 quae
1352 570 1476 638 suppo-

272 655 416 723 sitionem
448 659 577 722 naturae
610 656 751 722 excludat
784 675 855 723 cum
877 659 970 724 homo
994 659 1079 725 Deus
1102 680 1170 726 esse
1193 661 1307 728 dicitur
1329 665 1474 746 quando-

272 768 395 852 quidem
426 768 531 833 nuilus
565 767 772 833 ecclesiastice
803 768 975 835 instructus
1008 769 1235 836 humanitatem
1266 773 1368 837 Deum
1400 793 1473 840 esse

271 879 378 945 dicat?
421 878 465 943 At
486 896 558 944 vero
583 877 611 944 si
631 897 685 961 per
706 881 835 945 naturae
869 879 1023 946 humanae
1045 900 1158 946 nomen
1180 882 1296 950 Christi
1329 883 1473 950 animam

272 988 455 1055 rationalem
476 1007 548 1055 cnm
570 1006 661 1054 carne
683 1005 740 1054 sua
761 990 882 1054 unitam
900 993 1010 1056 volunt
1030 993 1171 1076 intelligi,
1195 993 1278 1060 sicut
1299 1013 1336 1060 ex
1358 1013 1469 1060 eornm

270 1100 372 1168 verbis
394 1100 569 1187 accepimus
600 1080 770 1185 improprie
791 1100 823 1165 id
846 1101 981 1184 quidem,
1005 1103 1151 1186 quoniam
1173 1123 1222 1169 res
1245 1108 1374 1170 naturae
1395 1105 1416 1170 i.
1439 1126 1471 1172 6.

270 1212 463 1280 individuum
495 1213 544 1278 uel
576 1209 758 1290 subsistens,
793 1212 875 1295 quod
909 1215 940 1277 et
961 1231 1125 1296 personam
1147 1214 1289 1295 dicimus,
1322 1234 1385 1281 non
1419 1219 1472 1281 est

269 1328 380 1391 natura
402 1324 456 1390 sed
478 1343 513 1390 er
534 1326 646 1388 natura
666 1325 728 1401 est3
751 1322 904 1406 siquidem
926 1323 1096 1390 formatum
1118 1324 1218 1390 forma
1239 1325 1288 1391 sui
1310 1345 1378 1391 esse
1392 1345 1472 1411 pro·

269 1436 335 1521 prie
357 1437 418 1502 dici
438 1454 501 1501 non
521 1437 636 1520 potest.
657 1432 718 1499 Sed
740 1433 804 1498 sive
825 1435 949 1519 proprie
970 1435 1107 1500 animam
1130 1435 1218 1500 illam
1233 1435 1350 1502 Christi
1371 1437 1472 1503 ratio-

270 1551 375 1614 nalem
402 1566 472 1614 cum
494 1564 586 1612 carne
608 1563 673 1627 sua,
688 1547 768 1629 quod
790 1546 1050 1629 perfectushomo
1072 1549 1121 1612 est
1142 1566 1178 1611 er
1199 1547 1303 1612 anime
1323 1548 1473 1614 rationali

271 1663 302 1724 et
323 1658 459 1725 humana
492 1675 583 1724 carne
605 1654 789 1736 subsistens,
817 1659 929 1721 vocent
951 1674 1116 1740 personam
1139 1658 1203 1722 sive
1222 1658 1390 1743 improprie
1412 1677 1473 1724 na·

270 1776 374 1837 turam
395 1769 554 1835 nominent
570 1767 617 1833 illi
630 1766 752 1832 animae
773 1785 907 1850 suaeque
930 1767 1015 1833 carni
1029 1766 1223 1833 divinitatem
1236 1785 1326 1834 suam
1342 1786 1469 1854 negare,

270 1900 331 1967 qua
352 1881 446 1947 homo
478 1881 531 1946 ille
559 1898 595 1944 ex
616 1878 719 1943 divina
741 1896 796 1960 per
817 1877 969 1962 uirginem
1001 1878 1164 1944 nativitate
1197 1879 1281 1944 Deus
1304 1883 1362 1960 eet,
1385 1880 1471 1946 sicut

269 1997 300 2059 et
320 2011 392 2058 vere
413 1990 567 2076 perlectus
589 1989 683 2055 homo
706 1991 763 2069 ost,
786 2008 843 2074 ego
865 1989 989 2054 omnino
1011 1987 1144 2073 impium
1166 2007 1275 2055 censeo
1298 1994 1392 2075 atque
1415 2009 1467 2057 sa·

269 2104 428 2188 crilcgum.

368 2211 458 2297 Quod
491 2213 519 2278 si
552 2213 682 2294 quaerat
714 2228 733 2273 a
765 2230 815 2274 me
848 2210 917 2293 quis
951 2212 989 2276 de
1021 2213 1123 2279 anima
1158 2213 1206 2280 vel
1228 2212 1352 2299 spiritu,
1376 2230 1471 2296 quam

270 2323 415 2393 Christus
438 2324 471 2387 in
492 2340 583 2388 cruoe
615 2319 728 2402 emisit,
765 2321 798 2384 in
827 2339 939 2386 manus
961 2323 1066 2390 Patris
1098 2326 1327 2405 commendans,
1360 2325 1472 2390 velue

269 2454 369 2516 carne,
392 2452 472 2519 quae
493 2432 527 2498 in
548 2434 750 2499 monumento
770 2431 871 2516 jacuit
895 2434 1043 2502 exanimis
1067 2436 1246 2521 separatim,
1268 2453 1309 2500 an
1331 2435 1392 2501 duo
1413 2434 1470 2499 illa
1562 2421 1563 2458 r

267 2549 317 2615 vel
337 2565 435 2614 unum
457 2565 493 2612 ex
513 2544 562 2611 his
578 2544 745 2628 separatim
762 2545 864 2610 Deum
880 2545 981 2611 dicam
996 2565 1036 2612 an
1051 2568 1171 2634 negem,
1194 2551 1341 2614 neutrum
1354 2545 1469 2611 horum

268 2659 469 2746 respondebo,
492 2675 527 2724 eo
550 2656 633 2741 quod
654 2655 887 2740 indisciplinata
910 2658 1050 2741 quaestio
1073 2659 1227 2743 ejusmodi
1249 2660 1300 2739 sit,
1324 2655 1471 2742 quoniam

268 2772 442 2857 theologiae
463 2788 539 2835 usus
561 2787 623 2834 non
645 2770 694 2833 est
715 2769 753 2833 de
775 2768 977 2852 unoquohbet
999 2789 1107 2836 eorum
1123 2770 1292 2856 separatim
1309 2767 1469 2852 quodhbet

268 2885 379 2949 horum
412 2880 554 2947 diffinire.
598 2879 702 2963 Magis
735 2898 807 2946 vero
841 2883 988 2966 negativa
1019 2884 1074 2948 illa
1105 2885 1198 2968 longe
1230 2883 1273 2948 sit
1294 2900 1313 2947 a
1333 2901 1384 2948 me
1407 2899 1470 2965 qua

269 3012 393 3060 carnem
416 2990 532 3058 Christi
555 2990 602 3054 rel
624 2989 761 3055 animam
784 3010 840 3057 sua
863 2993 1023 3059 divinitate
1045 2994 1185 3077 spoliem.
1220 2992 1302 3059 Nam
1323 2993 1355 3058 in
1378 2992 1468 3057 theo-

267 3105 352 3189 logia
373 3103 467 3168 didici
481 3100 640 3169 Christum
661 3100 694 3165 in
717 3101 861 3168 omnibus
878 3104 1038 3170 Christum
1061 3109 1092 3170 et
1113 3106 1146 3170 in
1168 3104 1299 3190 singulis
1315 3103 1467 3188 accipere.

268 3215 309 3282 111
330 3213 437 3308 utique
460 3211 601 3279 Christus
614 3211 698 3277 Deus
720 3216 777 3293 est,
789 3214 910 3279 animae
932 3233 1004 3280 vero
1026 3216 1209 3281 naturaHtcr
1230 3215 1252 3280 i.
1275 3234 1301 3281 e.
1325 3233 1361 3280 ex
1381 3213 1465 3278 nati-

268 3327 374 3393 vitatis
389 3329 501 3392 natura
516 3323 618 3388 diuina
634 3324 784 3407 sapientia
807 3327 938 3409 sapienti
960 3329 1009 3392 vel
1031 3328 1115 3393 carni
1137 3327 1215 3392 item
1235 3346 1272 3391 er
1292 3323 1466 3390 nativitatis
1559 3307 1560 3334 ¹

268 3442 380 3504 natura
401 3436 590 3521 siquidem1)
610 3437 648 3500 de
670 3434 791 3520 Spiritu
813 3439 920 3502 sancto
944 3441 1111 3522 conceptae
1133 3439 1164 3502 61
1182 3437 1216 3500 in
1230 3437 1332 3501 Deum
1354 3438 1466 3501 unctae

269 3554 301 3616 et
321 3552 412 3615 natae
435 3552 466 3615 et
488 3548 537 3614 cui
558 3566 620 3612 nou
642 3547 681 3612 ad
701 3564 879 3611 mensuram
902 3548 1031 3632 spiritus
1054 3549 1145 3612 datus
1169 3550 1217 3612 est
1232 3547 1333 3612 Deum
1352 3563 1466 3631 negare

268 3679 329 3725 nou
352 3679 402 3725 me
424 3658 581 3743 theologia
608 3659 713 3724 docuit
743 3677 800 3724 nec
822 3659 901 3724 ratio
925 3659 1008 3725 sinit.
1032 3659 1112 3725 Sane
1133 3677 1184 3723 me
1205 3675 1405 3743 praesumere
1427 3657 1465 3723 dc

270 3770 392 3837 Christo
414 3771 463 3836 vel
486 3771 524 3835 de
548 3758 597 3833 his
620 3787 698 3853 quae
720 3771 793 3833 sunt
808 3768 924 3835 Christi
945 3770 1039 3853 loqui,
1063 3769 1146 3852 quod
1168 3788 1204 3834 er
1226 3767 1382 3852 theologia
1404 3787 1465 3833 uon

269 3881 362 3946 didici
385 3880 627 3959 stultum,mihi
648 3880 804 3946 videretur
826 3883 858 3946 et
879 3880 1020 3965 impium,
1055 3879 1188 3945 maxime
1212 3897 1284 3945 cum
1306 3882 1338 3943 et
1359 3878 1465 3963 magni

268 3996 374 4078 patres
397 3993 530 4075 culpent,
554 3989 712 4058 Christum
734 3991 766 4055 in
788 3990 945 4072 Verbum,
968 3990 1104 4058 animam
1125 3995 1157 4057 61
1179 4008 1304 4056 caruem
1326 3989 1465 4073 triparti-

269 4107 367 4170 entes.
411 4100 456 4168 At
477 4118 549 4167 vero
571 4100 745 4184 perlectum
780 4101 870 4168 illum
902 4099 1060 4168 hominem
1083 4122 1118 4168 er
1140 4102 1244 4168 anima
1266 4099 1412 4165 rationah
1434 4103 1464 4165 61

268 4213 404 4281 humana
425 4230 518 4279 carne
539 4232 575 4278 er
596 4211 740 4297 virginah
761 4230 853 4279 came
874 4217 906 4279 et
928 4213 1049 4300 Spiritu
1072 4219 1179 4282 sancto
1202 4213 1389 4295 conceptum
1411 4228 1464 4277 ne·

373 4455 393 4523 ¹)
414 4454 470 4508 cod.
489 4451 602 4520 siquid.
