3168 5214
1276 420 1340 488 363

131 593 211 660 suno
229 589 348 657 dicente
370 590 523 658 Domino:
547 587 668 676 Super
690 595 835 678 pectus
859 595 969 658 tuum
998 593 1220 678 gradieris,
1265 597 1342 660 ter·

130 721 216 770 ram
238 700 463 785 comedes¹)‚
486 720 522 768 ac
545 702 648 784 tertio,
673 705 819 787 quoniam
839 707 937 789 caput
958 703 1025 788 ejus
1048 722 1066 769 a
1100 704 1228 770 muliere
1260 705 1343 771 foret

133 815 368 894 conterendum,
391 814 428 879 de
452 812 564 898 quibus
586 815 788 898 praecedente
809 814 914 881 libello
938 815 1058 882 dictum
1089 835 1124 882 er
1161 820 1249 899 parte
1284 819 1342 895 est,

133 945 265 1012 quarum
300 925 401 1010 prima
440 925 620 1012 superbiam
654 925 841 992 diabolicam
877 928 1026 1012 percutit,
1063 929 1201 994 secunda
1229 935 1342 992 tanam

133 1039 349 1106 curiositatem
383 1037 524 1122 ejusdem
562 1038 677 1104 diaboli
714 1039 747 1104 iu
792 1043 935 1124 serpente
973 1041 1101 1110 latentis
1142 1043 1342 1122 condemnat,

134 1150 228 1218 tertia
249 1149 466 1216 immunditiae
487 1151 520 1215 in
544 1152 652 1216 ecdem
686 1150 809 1218 diabolo
844 1169 944 1237 poena
982 1155 1046 1217 est:
1084 1153 1129 1218 ita
1166 1158 1198 1219 et
1232 1157 1341 1219 eontra

133 1262 238 1329 uirum
271 1261 365 1326 simul
399 1266 431 1328 et
468 1264 630 1329 mulierem
668 1263 769 1329 trinae
806 1263 977 1328 sententiae
1011 1264 1051 1329 ab
1086 1266 1195 1330 eadem
1235 1269 1344 1330 sancta

136 1373 293 1439 Trinitate
316 1375 457 1458 prolatae
480 1379 563 1455 sunt,
587 1375 730 1440 triforme
753 1376 847 1440 etiam
871 1376 901 1439 iu
925 1375 987 1440 illis
1010 1379 1173 1459 peecatum
1196 1378 1343 1443 condem·

134 1489 258 1552 nantes.
311 1485 437 1551 Mulieri
474 1505 610 1571 namque
644 1506 662 1551 a
697 1489 763 1552 Deo
802 1487 921 1552 dietum
966 1490 1030 1553 est:
1061 1488 1342 1572 multiplicabo

134 1617 353 1665 aerumnas
389 1603 427 1664 et
460 1604 681 1685 conceptus
723 1601 850 1686 tuos-¹)5
890 1600 921 1665 in
955 1618 1016 1684 quo
1051 1598 1240 1664 curiositatis
1276 1599 1343 1683 ejus

138 1728 239 1796 poena
263 1714 327 1789 est;
349 1711 484 1776 secundo
508 1712 591 1796 qnod
614 1713 733 1776 ‹lictnrm
756 1717 817 1779 est:
844 1715 885 1777 in
907 1712 1044 1777 dolore
1067 1711 1196 1794 paries
1213 1709 1343 1795 filios

137 1823 408 1907 concupiscentiae
430 1826 524 1907 atque
547 1823 762 1889 immunditiae
785 1825 943 1910 flagellum
967 1825 1032 1898 est;
1067 1822 1159 1886 tertio
1181 1822 1265 1906 quod
1285 1823 1345 1887 ait:

139 1933 213 2001 sub
235 1931 315 2000 viri
338 1937 551 2017 potestate
574 1936 653 2000 eris'
677 1936 820 2020 etipse
842 1932 1119 2000 dominabitur
1141 1933 1215 2012 tui,
1239 1953 1346 2016 super-

138 2046 210 2114 biae
234 2047 319 2112 illius
344 2047 561 2112 condemnatio
585 2050 642 2126 est,
666 2065 728 2132 qna
749 2051 818 2132 ipsa
851 2050 959 2113 contra
996 2047 1098 2111 Deum
1135 2044 1212 2109 daus
1246 2046 1347 2109 consi·

142 2160 220 2226 lium
244 2158 311 2224 uiro
335 2157 424 2241 quasi
447 2159 478 2223 in
502 2179 573 2224 eum
596 2159 748 2226 dominari
771 2178 847 2225 ansa
870 2162 928 2224 est.
960 2157 1042 2222 Item
1064 2175 1136 2222 eum
1159 2155 1347 2223 dictumest

143 2269 479 2336 Adaetmaledicta
501 2275 612 2337 terra
634 2273 670 2337 in
696 2293 816 2358 opere
839 2271 968 2350 oudin
993 2266 1348 2335 laboribuscome-

142 2382 270 2447 deser
292 2400 340 2446 ea
363 2383 521 2448 crunctis
539 2380 679 2476 diebus
699 2385 807 2450 uitae
829 2383 1087 2465 trrae‚spinas
1111 2383 1148 2444 et
1171 2377 1348 2444 tribulos

140 2491 394 2579 germinabit
417 2492 492 2558 tibi
516 2497 553 2557 et
577 2495 761 2561 comedes
792 2491 937 2559 herbas
959 2488 1124 2573 te1·rae³)
1158 2491 1347 2554 curiositatis

140 2607 322 2691 poematii,
347 2604 482 2690 quaille
516 2623 578 2669 uon
614 2607 716 2671 solum
750 2606 832 2671 bona
870 2606 923 2670 sed
959 2603 1041 2667 mala
1078 2601 1158 2665 scire
1191 2601 1347 2684 appetiit;

140 2715 279 2783 secundo
303 2716 386 2799 quod
408 2715 527 2780 dictum
550 2719 621 2784 est:
643 2718 681 2782 in
716 2718 867 2782 sudore
900 2714 1038 2781 urrltns
1076 2713 1136 2776 tui
1169 2712 1349 2777 vesceris

144 2845 246 2916 pane
267 2830 334 2892 tuo
357 2826 624 2910 concupiscentiae
648 2829 742 2910 atque
759 2825 946 2912 ¹gulositatis
969 2842 1070 2910 poena
1092 2823 1186 2887 simul
1209 2827 1351 2888 etreme·

141 2940 229 3006 dium
251 2944 309 3021 est,
324 2942 478 3023 quatenus
501 2939 569 3021 ipsa
591 2936 652 3004 cibi
677 2939 725 3002 sui
749 2938 935 3004 difficultate
958 2933 1226 3020 gastrimargiam)
1259 2934 1291 2999 in
1314 2954 1349 2999 eo

139 3052 338 3118 immunditia
359 3050 454 3119 simul
475 3049 623 3134 puniatur
644 3069 680 3115 ac
702 3054 906 3134 temperetur.
964 3048 1069 3114 Tertia
1091 3065 1164 3111 uero
1188 3045 1351 3125 sententia,

145 3184 206 3250 qna
229 3163 348 3231 dictum
371 3165 581 3231 estzdonec
604 3163 823 3229 revertaris
846 3161 885 3225 iu
905 3160 1116 3241 te1·ram,de
1132 3173 1203 3241 qua
1226 3173 1352 3240 sump-

141 3280 208 3343 tus
232 3277 398 3360 es,quia
421 3276 552 3360 puluis
578 3295 615 3342 es
639 3271 682 3340 et
703 3275 743 3339 in
766 3273 984 3359 pulverem
1007 3268 1352 3352 reuerterissuper·

143 3388 213 3455 biae
235 3408 297 3454 nou
320 3390 422 3455 solum
444 3389 477 3453 in
499 3388 565 3453 uiro
589 3389 644 3453 sed
667 3391 698 3452 et
718 3386 752 3452 in
775 3384 904 3450 muliere
926 3401 1026 3468 poena
1048 3381 1166 3465 pariter
1187 3399 1223 3445 ac
1254 3401 1353 3446 reme·

144 3499 231 3566 dium
254 3502 311 3566 est.
357 3498 391 3566 si
414 3497 496 3564 enim
519 3497 620 3564 adhuc
652 3495 794 3581 superbit
826 3497 920 3561 homo
959 3494 1061 3579 pulvis
1095 3496 1126 3558 et
1159 3491 1246 3567 cinis,
1280 3490 1353 3572 quid

142 3609 269 3691 faceret,
293 3612 319 3676 si
343 3609 462 3694 absque
485 3610 597 3674 timore
620 3608 730 3673 mortis
754 3610 785 3673 in
817 3611 978 3674 aeteruum
1012 3604 1158 3670 uiueret?
1203 3600 1354 3669 Similiter

144 3726 251 3788 autem
267 3723 319 3806 qui
342 3724 408 3788 solo
433 3722 603 3807 sapientiae
626 3719 694 3784 cibo
718 3723 749 3784 et
771 3722 848 3804 potu
873 3717 905 3782 in
932 3713 1147 3801 spiritualibus
1185 3715 1352 3778 contentus

145 3833 244 3900 fuisse
278 3831 427 3900 debuerat
454 3836 548 3916 atque
582 3832 708 3914 iusuper
737 3833 820 3895 mala
852 3829 932 3895 scire
963 3826 1104 3910 appetiit,
1140 3825 1244 3908 qualia
1279 3827 1354 3888 suut

144 3964 216 4012 cum
239 3943 440 4012 daemonibus
462 3943 615 4028 colloquia
644 3945 675 4006 et
696 3942 923 4027 nigromantiae
960 3935 1099 4017 scientia,
1138 3933 1267 4022 experiri
1306 3933 1354 3998 int

144 4060 228 4124 terra
250 4055 356 4141 spinas
379 4061 411 4124 et
435 4055 565 4121 tribulos
589 4053 782 4134 germinante
814 4051 874 4116 sibi
910 4048 1026 4129 debuit,
1052 4047 1151 4133 qualis
1190 4047 1257 4130 ipse
1294 4064 1350 4109 sno

156 4305 160 4310 .
170 4303 179 4310 ι
195 4300 371 4310 ...ῃ-.--
377 4301 449 4309 ..,-,,,

250 4395 396 4468 ί)ςοῐι.3.
420 4395 464 4451 14.
488 4424 518 4435 -
543 4393 563 4466 ²)
582 4411 639 4463 gen.
667 4395 691 4450 3.
712 4393 758 4448 16.
790 4421 821 4434 -
854 4387 875 4460 ⁸)
906 4405 963 4457 gon.
993 4389 1019 4444 3.
1053 4388 1095 4443 17.
1126 4403 1159 4442 ss.
1186 4413 1219 4425 -
1250 4381 1273 4454 ⁴)
1299 4383 1356 4438 ood.

148 4499 333 4552 castrimarise.
