3158 5212
181 421 224 490 34

181 597 336 663 tendimus
358 594 649 662 remunerationem.
693 597 825 682 Propter
845 592 905 661 hoc
927 597 959 662 et
981 599 1109 666 octavus
1135 597 1201 664 dies
1223 596 1377 664 dominica

180 707 404 775 resurrectione
425 709 623 772 consecratus
645 708 702 772 est.
727 705 911 773 Octonarins
933 707 1054 791 primus
1076 703 1109 770 in
1130 707 1267 774 numeris
1290 706 1378 774 cubi·

180 839 235 884 cus
258 819 317 897 est,
351 819 493 883 aeternae
513 815 714 883 beatitudinis
747 815 838 883 nobis
859 817 892 883 in
914 817 1018 883 anima
1051 819 1083 882 et
1105 835 1234 903 corpore
1256 818 1379 886 stabili·

179 932 278 996 tatom
307 928 401 994 simul
423 930 454 994 et
476 925 666 992 soliditatem
699 928 876 1012 designans,
915 927 996 993 sicut
1029 930 1223 1013 septenarius
1257 949 1378 1016 quoque

178 1039 268 1106 nobis
301 1056 364 1104 non
397 1038 499 1104 solnm
533 1035 678 1104 sabbathi
711 1039 880 1123 spiritualis
913 1037 1109 1106 feriationem
1140 1039 1250 1107 indicit
1271 1042 1325 1107 sed
1347 1046 1379 1108 et

179 1153 298 1234 septem
318 1148 418 1215 sancti
433 1147 565 1233 Spiritus
588 1149 750 1229 donorum,
772 1168 828 1234 per
851 1166 929 1234 qnae
949 1148 1376 1234 adnirtutesfoeonndamur,

178 1260 448 1345 participationem
479 1259 646 1344 promittit.
690 1259 757 1326 Has
788 1261 894 1346 itaque
927 1260 1004 1328 duas
1038 1261 1231 1345 quindenarii
1261 1266 1375 1347 partes,

179 1374 299 1456 septem
320 1370 464 1437 videlicet
485 1373 518 1436 et
540 1373 620 1452 octo,
657 1370 690 1436 in
723 1374 848 1437 nostrae
869 1372 920 1456 pio
943 1373 1185 1442 conversationis
1219 1377 1323 1442 studio
1342 1377 1376 1441 in

177 1499 276 1547 unum
297 1480 516 1566 conjungimus
550 1484 581 1547 et
615 1481 703 1567 quasi
737 1481 912 1568 quindecim
944 1485 1098 1569 graduum
1130 1486 1287 1554 canticum
1308 1487 1374 1552 Deo

180 1596 306 1678 accepte
327 1592 477 1672 canimus,
500 1593 576 1659 dnm
597 1593 743 1660 feriantes
766 1611 785 1658 a
806 1593 901 1674 uitiis,
925 1597 1046 1680 septem
1067 1613 1188 1682 qnoque
1210 1597 1377 1682 spirituum

178 1705 267 1772 donis
288 1704 389 1786 ditati,
400 1723 456 1789 per
478 1708 548 1772 octo
565 1705 717 1772 uirtutum
729 1705 874 1773 exercitia
886 1707 926 1772 ad
938 1707 1133 1776 octonarium
1145 1707 1376 1778 beatitudinum

177 1815 300 1882 culmen
323 1814 450 1908 Christo
471 1819 727 1902 conresurgentes
749 1817 966 1903 pertingimus.

277 1925 337 1993 Sed
360 1926 434 2012 quid
454 1927 540 2008 haec,
573 1926 704 2011 inquies,
742 1928 969 1994 adnumerum
991 1928 1261 2014 centnmriginti,
1284 1927 1373 2013 cnjus

177 2034 361 2121 mysterium
390 2037 565 2122 quaeritur,
596 2037 777 2122 pertinent?
820 2037 959 2129 Multum
993 2059 1048 2123 per
1081 2058 1205 2105 omnem
1237 2039 1376 2107 modum.

176 2146 260 2213 Nam
282 2146 309 2213 si
330 2145 370 2212 ab
390 2166 452 2214 uno
474 2147 624 2232 incipiens
641 2151 672 2214 et
686 2167 722 2214 eo
738 2166 876 2231 numero,
901 2151 953 2235 qui
974 2151 1056 2236 apud
1077 2149 1291 2218 arithmeticos
1313 2168 1333 2215 a
1339 2171 1376 2236 g·

176 2258 428 2345 gregativus
464 2258 586 2339 dicitnr,
610 2260 799 2325 numerando
823 2261 862 2328 ad
885 2261 1061 2347 quindecim
1094 2280 1193 2347 nsque
1225 2263 1374 2347 procedas

176 2374 300 2439 centum
322 2369 434 2456 viginti
455 2371 488 2437 in
510 2388 634 2437 summa
657 2371 831 2456 complesti.
855 2372 916 2455 Qui
939 2372 1034 2440 etiam
1055 2391 1203 2440 numerus
1226 2373 1259 2439 in
1281 2373 1373 2458 plano

175 2481 344 2566 dispositus
377 2480 512 2546 lormam
544 2480 693 2568 trianguli
725 2480 857 2562 exhibet,
891 2482 979 2566 eujus
1014 2486 1076 2550 tres
1099 2485 1254 2550 extremae
1274 2483 1374 2549 lineae

176 2593 310 2659 invicem
333 2591 477 2658 reductae
499 2592 636 2677 aequalis
658 2595 763 2662 extent
772 2593 985 2680 longitudinis,
1003 2592 1141 2680 qnalibet
1161 2611 1269 2661 earnm
1285 2591 1375 2678 quin·

175 2704 276 2772 decim
296 2703 329 2770 in
349 2719 386 2770 se'
403 2703 540 2770 unitates
577 2705 740 2772 retinente.
785 2707 826 2772 llt
849 2705 922 2790 quid
943 2706 1037 2791 hujus
1071 2707 1219 2792 mysterio
1253 2704 1375 2773 numeri

174 2815 344 2902 pulchrius,
366 2814 398 2880 in
421 2833 482 2899 quo
505 2818 537 2881 et
558 2815 707 2901 trianguli
740 2817 857 2902 speeies
880 2817 974 2886 fidem
996 2819 1121 2884 sanotae
1142 2813 1304 2882 Trinitatis
1326 2813 1375 2880 in·

176 2926 294 2994 format
316 2928 347 2991 et
369 2924 588 3009 quindenarius
610 2926 643 2991 in
665 2927 810 2994 extremis
833 2927 946 2994 finibus
962 2928 1134 3012 triangulae
1156 2925 1275 3011 figurae
1297 2924 1376 3008 trip·

175 3037 276 3104 liciter
298 3053 462 3103 occurrens
484 3036 518 3102 in
539 3035 660 3103 duabus
694 3038 836 3125 partibus
870 3038 946 3118 suis,
981 3037 1154 3122 septenario
1177 3035 1322 3103 videlicet
1343 3037 1375 3101 et

177 3146 345 3228 octonario,
367 3167 469 3214 mores
492 3147 629 3228 instruit,
652 3149 779 3234 insuper
801 3154 832 3216 et
854 3148 1055 3216 beatitudinis
1078 3167 1132 3232 per
1144 3146 1374 3214 immutabilem

177 3261 296 3326 statum
317 3258 460 3324 fidelibus
483 3258 701 3343 repromittit?
724 3260 856 3344 Propter
871 3260 940 3339 hoc,
963 3262 1000 3325 ut
1011 3258 1151 3338 aestimo,
1175 3260 1208 3323 et
1230 3258 1373 3344 originali

179 3371 305 3450 mundo,
329 3369 382 3455 qni
402 3388 458 3453 per
479 3386 574 3452 aquas
597 3369 697 3454 periit,
730 3370 791 3437 iste
811 3389 964 3438 annorum
985 3387 1133 3436 numerus
1154 3367 1175 3434 i.
1199 3387 1226 3433 e.
1249 3371 1375 3434 eentum

176 3478 287 3566 viginti
317 3481 357 3546 ad
386 3479 609 3565 poenitentiam
643 3479 782 3547 indultus
816 3484 866 3548 est
897 3481 1018 3548 dicente
1050 3477 1185 3545 Domino
1223 3479 1263 3546 ad
1295 3478 1374 3562 Noe,

175 3593 376 3676 eruntque
398 3591 486 3658 dies
509 3590 687 3658 hominis
710 3594 867 3658 eentum
890 3590 1044 3676 viginti
1065 3587 1200 3676 anni1),
1222 3594 1260 3657 nt
1281 3590 1375 3658 sonet

178 3701 272 3767 homo
296 3703 491 3788 evangelicus
514 3722 569 3787 per
591 3701 742 3788 Spiritum
763 3703 861 3768 aDeo
884 3703 995 3768 doctus
1006 3701 1086 3768 hanc
1098 3701 1158 3788 ipsi
1171 3702 1239 3768 Deo
1251 3702 1375 3788 gratam

175 3832 243 3879 esse
275 3816 368 3899 atque
402 3813 609 3880 sufficientem
642 3815 682 3880 ad
704 3815 888 3900 placandum
925 3811 1158 3898 poenitentiam,
1181 3830 1261 3897 qnae
1284 3815 1316 3879 et
1339 3811 1372 3878 in

175 3923 236 3990 lide
247 3927 372 3992 sanotae
383 3923 543 3992 Trinitatis
555 3923 659 4010 agitur
671 3929 702 3991 et
714 3942 809 4010 quam
822 3923 942 3992 lomatio
958 3922 1075 3990 avitiis
1091 3923 1291 4009 studiumque
1310 3923 1374 3990 rir-

175 4037 280 4101 tutum
301 4035 479 4102 comitatur.
523 4034 584 4118 Qui
606 4035 689 4104 enim
712 4037 756 4104 sic
792 4055 847 4122 par
870 4033 1089 4121 septenarium,
1123 4037 1156 4102 et
1178 4035 1375 4103 octonarium

176 4140 322 4225 poenitet,
357 4141 446 4226 qnasi
480 4161 535 4227 par
568 4147 693 4210 centum
725 4143 837 4231 viginti
874 4161 971 4212 annos
993 4143 1060 4212 Deo
1084 4143 1289 4228 satisfaciens,
1311 4164 1375 4212 non

176 4252 278 4320 solum
306 4252 524 4322 sabbathizans
546 4271 566 4321 a
587 4253 682 4340 vitiis,
704 4256 848 4322 aeternae
871 4256 903 4321 et
924 4255 1078 4322 extremae
1110 4255 1237 4324 ultionis
1271 4255 1379 4324 evadit

280 4510 299 4582 ¹)
318 4512 377 4566 Gen.
398 4511 424 4567 6.
445 4513 469 4567 3.
