3172 5202
262 438 324 505 170
383 455 407 491 *-

254 612 407 676 stolorum
429 611 536 692 11111·
557 611 588 674 11
604 607 725 674 *vicario
741 607 885 674 Paschali
908 625 1030 674 summo
1053 607 1194 694 pontifici
1216 610 1248 674 11
1268 609 1465 701 successori-

253 721 312 787 bus
335 720 401 803 ejus
424 719 456 784 in
477 723 663 804 perpetuum
678 720 759 786 sicut
774 737 792 784 a
806 718 1094 804 praedecessoribus
1117 722 1229 788 vestris
1251 738 1350 804 usque
1372 738 1462 786 nunc

253 833 286 897 in
306 835 464 918 potestate
497 835 600 897 uestra
634 834 664 895 11
694 831 809 896 ditione
843 831 987 896 tenuistis
1011 835 1042 896 et
1064 831 1263 916 disposuistis
1298 833 1463 899 civitatem

253 944 427 1011 Romanam
462 961 533 1008 cum
567 944 681 1009 ducatu
714 961 770 1007 suo
795 945 826 1008 et
849 941 1034 1008 suburbanis
1065 946 1158 1028 atque
1178 943 1287 1010 riculis
1311 944 1462 1010 omnibns

254 1059 284 1122 et
306 1055 471 1121 territoriis
494 1054 561 1138 ejus
580 1054 735 1119 montanis
774 1057 866 1138 atque
889 1055 1056 1120 maritimis
1078 1053 1222 1120 litoribus
1246 1058 1277 1121 et
1298 1056 1459 1142 portubus

254 1187 308 1234 seu
342 1166 462 1231 cunctis
497 1165 683 1245 civitatibus,
722 1166 868 1246 castellis,
906 1167 1028 1250 oppidis
1062 1185 1098 1232 11
1132 1167 1214 1232 villis
1251 1168 1284 1232 in
1322 1168 1459 1234 Tusciae

253 1279 404 1364 partibus.

353 1390 457 1455 Idem:
502 1387 630 1471 Quando
665 1389 767 1454 divina
802 1391 963 1455 vocatione
995 1388 1088 1473 hujus
1118 1390 1348 1456 sacratissimae
1370 1390 1457 1456 sedis

252 1501 390 1587 pontifex
422 1500 460 1566 de
481 1501 540 1566 1111
562 1500 678 1564 mundo
714 1501 896 1584 migraverit
927 1503 1031 1566 nullus
1065 1519 1101 1566 er
1133 1519 1229 1586 regno
1266 1504 1374 1566 nostro
1400 1503 1458 1565 aut

251 1615 443 1680 Francorum
478 1615 533 1678 aut
565 1610 788 1694 Langobardus
826 1615 880 1676 aut
913 1612 950 1676 de
981 1610 1123 1696 qualibet
1152 1615 1245 1696 gente
1277 1611 1373 1677 homo
1394 1609 1455 1675 snb

251 1729 358 1791 nostra
379 1727 534 1810 potestate
557 1725 747 1790 const'tutus
769 1722 927 1787 licentiam
949 1722 1064 1789 habeat
1086 1725 1194 1789 contra
1216 1723 1374 1790 Romanos
1398 1724 1457 1787 aut

251 1837 386 1929 publice
406 1839 460 1902 aut
482 1836 630 1922 priuatim
652 1833 796 1900 veniendi
830 1835 878 1899 vel
908 1836 1091 1901 electionem
1111 1833 1253 1914 faciendi,
1287 1835 1456 1916 nullusque

163 1937 165 1942 ’
251 1949 283 2014 in
306 1948 483 2015 civitatibus
516 1951 571 2014 aut
592 1947 757 2014 territoriis
779 1945 818 2010 ad
841 1946 987 2013 ecclesiae
1020 1947 1051 2011 b.
1075 1946 1160 2012 Petri
1197 1946 1331 2029 apostoli
1363 1957 1457 2030 1111-

252 2065 367 2126 statem
383 2058 608 2145 pertinentibus
642 2058 759 2141 aliquid
792 2058 910 2124 malurn
942 2062 1108 2143 propterea
1139 2057 1241 2123 facere
1262 2059 1456 2143 praesumat,

253 2174 307 2239 sed
328 2173 420 2239 liceat
442 2171 591 2238 Romanis
615 2189 685 2236 curn
709 2171 794 2235 omni
809 2171 1005 2237 veneratione
1027 2171 1059 2234 et
1081 2170 1146 2235 sine
1169 2167 1308 2253 qualibet
1329 2170 1457 2253 pertur-

251 2283 377 2348 batione
392 2281 596 2348 honorificam
612 2300 668 2346 suo
684 2280 826 2365 pontifici
848 2280 991 2347 exhibere
1006 2281 1203 2364 sepulturam
1219 2283 1251 2345 et
1266 2298 1337 2345 eum
1359 2297 1455 2363 quem

252 2395 356 2461 divina
387 2393 591 2478 inspiratione
624 2395 654 2456 et
677 2389 706 2458 b.
729 2391 815 2456 Petri
848 2391 1072 2457 intercessione
1105 2409 1213 2456 omnes
1235 2390 1368 2456 Romani
1390 2407 1453 2455 uno

251 2505 379 2573 consilio
413 2508 506 2588 atque
540 2503 703 2569 concordia
733 2505 798 2568 sine
829 2504 933 2588 aliqua
962 2505 1170 2590 promissione
1190 2505 1230 2568 ad
1254 2501 1454 2587 pontificatus

252 2618 391 2684 ordinem
413 2616 562 2701 elegerint
585 2615 651 2680 sine
674 2614 812 2700 qualibet
830 2615 1035 2700 ambiguitate
1051 2621 1083 2682 et
1098 2615 1341 2682 contradictione
1363 2630 1451 2678 more

251 2731 396 2796 canonico
430 2746 610 2840 consecrare
633 2732 663 2793 11
685 2729 761 2793 dum
794 2731 992 2794 consecratus
1026 2729 1122 2795 luerit
1144 2729 1240 2814 legati
1262 2729 1302 2792 ad
1323 2745 1380 2792 nos
1403 2730 1455 2792 vei

250 2844 289 2908 ad
311 2861 504 2909 successores
527 2844 651 2907 nostros
673 2860 762 2925 reges
783 2839 973 2906 Francorum
1007 2841 1190 2925 dirigantur,
1215 2839 1267 2923 qui
1289 2839 1370 2903 inter
1391 2855 1449 2902 nos

251 2961 282 3023 et
303 2957 393 3023 illum
416 2954 586 3021 amicitiem
609 2957 640 3018 11
662 2951 846 3026 1111111111
869 2969 904 3017 11
927 2970 1035 3036 pacem
1060 2951 1218 3032 socient.¹)

351 3069 396 3132 111
417 3064 466 3130 his
489 3065 633 3148 inquiunt
664 3063 798 3129 Romani
831 3064 1048 3148 Augustorum
1083 3062 1332 3131 concessionibus
1355 3061 1454 3126 claret

249 3181 352 3267 pietas
374 3180 512 3264 ipsorum
535 3181 568 3242 et
590 3175 764 3242 obedientia
792 3177 824 3240 in
844 3175 902 3242 Dei
922 3175 1053 3260 legibus,
1078 3175 1232 3260 siquidem
1255 3171 1453 3239 concessione

251 3290 310 3358 sibi
334 3295 442 3356 contra
463 3288 688 3355 ecclesiasticas
710 3289 834 3373 regulas
857 3306 875 3353 1
897 3288 1045 3354 Romanis
1058 3286 1261 3354 Pontificibus
1284 3285 1368 3350 facta
1389 3300 1453 3347 non

250 3403 352 3470 solum
374 3399 461 3465 abuti
484 3399 540 3465 sed
561 3418 618 3464 nec
638 3399 684 3463 uti
706 3399 886 3478 voluerunt3
922 3400 995 3484 quin
1017 3399 1121 3483 potius
1144 3397 1314 3484 privilegiis
1336 3393 1452 3477 iniquis

249 3512 463 3579 renuntiantes
485 3489 677 3595 pontificales
701 3511 866 3576 electiones
891 3509 1054 3576 canonicae
1075 3512 1212 3577 libertati
1235 3507 1450 3574 restituerunt.

250 3623 294 3688 At
315 3622 368 3687 alii
390 3640 584 3688 successores
600 3623 740 3706 ipsorum
756 3621 846 3687 aliter
861 3622 963 3688 effecti
978 3642 1033 3706 pro
1050 3623 1249 3689 concessione
1271 3620 1331 3687 sibi
1354 3619 1452 3685 semel

249 3733 333 3799 faeta
355 3733 579 3799 contentiosius
603 3750 694 3818 agere
716 3739 883 3817 coeperunt
904 3735 948 3798 ita
964 3737 999 3799 ut
1015 3734 1176 3800 ecclesiam
1198 3732 1372 3798 Romanam
1393 3747 1451 3794 nec

250 3862 313 3908 non
335 3847 367 3908 et
389 3844 465 3911 alias
489 3845 634 3910 ecclesias
656 3843 800 3910 libertate
822 3846 969 3910 canonica
989 3846 1023 3910 in
1047 3846 1196 3912 electione
1218 3844 1265 3911 uti
1289 3843 1447 3928 cupientes

221 3954 313 4021 'una
334 3974 406 4022 cum
440 3957 595 4043 episcopis
629 3955 735 4023 electis
770 3957 835 4023 suis
857 3957 1057 4041 pontificibus
1090 3959 1347 4042 persequerentur
1361 3957 1386 4036 ²)
1419 3956 1452 4019 et

249 4066 424 4153 affligerent
447 4086 482 4134 ac
505 4067 688 4135 decadibus
711 4069 775 4134 suis
798 4069 1033 4153 proturbarent;
1056 4071 1134 4137 alios
1157 4088 1229 4136 uero
1252 4089 1325 4136 suos
1347 4069 1447 4136 dictos

248 4179 410 4269 pontifices
446 4182 733 4266 superintruderent
768 4183 850 4249 sicut
882 4185 914 4248 in
937 4182 1087 4268 Gregorio
1110 4183 1182 4249 VII.
1205 4183 1298 4266 atque
1321 4178 1449 4248 Urbano

250 4352 499 4364 ———--—-—·

349 4425 369 4492 ¹)
390 4422 429 4478 Gi.
449 4420 540 4478 Chron.
558 4422 649 4477 Reich.
669 4424 711 4477 ed.
730 4424 799 4479 Gen.
820 4423 862 4479 ad.
882 4439 905 4476 a.
929 4421 992 4480 817.
1012 4437 1070 4491 pap·
1093 4419 1154 4477 119.

349 4520 370 4593 ²)
390 4523 449 4580 cod.
467 4526 674 4590 persequeretur.
