3168 5190
1294 391 1355 459 201

153 565 291 632 admissa
313 567 345 630 et
367 567 512 650 suscepta
533 581 552 628 a
573 563 640 629 Deo
664 561 759 630 Patre
789 581 825 629 ae
847 566 914 630 tota
937 566 1044 629 saneta
1066 562 1219 630 Trinitate
1242 567 1300 646 est,
1322 564 1356 631 in

154 694 249 763 quam
271 675 405 743 maxime
427 678 590 762 peceatum
612 695 680 742 esse
697 676 904 761 cognoscitur.
929 674 990 743 Sed
1013 675 1152 760 angelus,
1175 678 1287 762 utpote
1307 677 1356 742 in-

153 794 263 857 uentor
284 793 316 856 ιι
337 792 447 856 auctor
469 788 618 868 malitiae,
652 787 819 871 requisitus
842 804 904 851 non
926 791 992 866 est3
1027 787 1121 853 homo
1144 805 1226 868 vero,
1250 791 1359 873 utpote

152 901 192 969 ab
214 902 274 968 alio
298 919 410 968 suasus
432 917 469 966 ac
490 900 637 982 deeeptus
660 917 678 963 a
700 899 766 964 Deo
790 899 829 963 ad
852 899 1075 983 poenitentiam
1099 900 1269 983 requisitus
1291 904 1359 966 tan·

153 1016 287 1100 demque
308 1033 362 1097 per
385 1010 496 1076 mortis
521 1010 637 1078 Christi
660 1009 867 1077 obedientiam
888 1013 1032 1077 inuentus
1056 1015 1087 1077 ct
1109 1015 1271 1097 tamquam
1293 1013 1359 1080 ovis

153 1126 300 1192 aberrans
322 1125 355 1190 in
376 1121 515 1189 humeris
548 1121 622 1188 boni
655 1125 793 1209 pastoris
816 1127 992 1208 reportatus
1016 1127 1074 1190 est.
1119 1125 1189 1207 Qui,
1213 1126 1360 1210 quoniam

154 1239 254 1306 sciens
278 1240 310 1302 et
330 1236 466 1320 prudens
488 1253 541 1317 per
563 1233 789 1300 inobedientiae
810 1239 933 1301 reatum
955 1239 1089 1301 mortem
1104 1234 1244 1319 incurrit,
1268 1257 1358 1323 opor·

153 1350 224 1432 tuit,
247 1353 285 1413 ιιι
307 1347 449 1416 Christus
465 1344 489 1430 1)
520 1365 592 1411 eum
614 1349 772 1414 levaturus
795 1348 904 1412 eodem
925 1367 980 1431 per
1002 1348 1209 1414 obedientiam
1231 1349 1358 1416 deseen-

153 1463 251 1541 deret
276 1478 339 1546 quo
362 1459 414 1526 ille
436 1479 470 1526 se
492 1478 644 1544 suamque
664 1457 882 1544 posteritatem
904 1459 1064 1525 ultroneus
1087 1461 1356 1545 praecipitaverat.

152 1573 196 1639 Et
216 1572 294 1638 haee
316 1571 427 1637 mortis
452 1570 568 1639 christi
600 1569 793 1636 rationabilis
821 1585 915 1634 eausa
937 1571 1049 1651 extitit,
1074 1573 1126 1655 qui
1150 1572 1238 1656 quasi
1259 1575 1358 1658 gratis

151 1685 251 1751 immo
274 1701 347 1748 vero
370 1681 468 1768 gratis
491 1685 635 1748 mortuus
659 1681 781 1761 luisset,
805 1680 901 1764 siper
917 1681 1014 1747 alium
1029 1683 1233 1749 mediatorem
1248 1685 1360 1750 redimi

152 1795 248 1862 homo
271 1797 366 1878 atque
389 1793 428 1858 ad
450 1795 674 1878 aequalitatem
696 1795 896 1878 angelorum,
920 1800 955 1861 ut
976 1797 1225 1881 praedestinatus
1246 1796 1358 1877 fuerat,

151 1907 261 1974 reduci
282 1905 447 1994 potuisset.
494 1905 555 1972 Sed
576 1905 635 1971 hoc
656 1905 850 1990 impossibile
882 1926 936 1991 per
969 1906 1065 1971 alium
1101 1905 1168 1972 fieri
1201 1909 1288 1984 satis,
1322 1913 1358 1974 ut

152 2018 297 2096 aestimo,
330 2019 618 2104 praemonstratum
640 2020 697 2083 ιιι.
742 2016 838 2083 Nulla
860 2035 934 2082 eane
964 2017 1043 2083 ratio
1077 2018 1250 2084 dilectionis
1273 2019 1357 2086 illius

152 2129 403 2216 magnitudinem
426 2129 669 2214 comprehendit,
702 2129 939 2195 inaestimabilis
963 2128 1045 2194 enim
1067 2133 1098 2195 ιι
1119 2129 1153 2194 in
1174 2130 1240 2196 Deo
1264 2131 1359 2198 Patre

154 2243 212 2308 illa
233 2240 357 2308 dilectio
380 2241 541 2307 charitatis
564 2243 621 2322 est,
645 2258 707 2324 qua
729 2243 765 2306 ut
787 2259 912 2307 servum
934 2242 1101 2308 redimeret
1115 2241 1215 2307 fidum
1230 2244 1358 2312 tradidit

155 2355 191 2419 et
210 2353 243 2419 in
263 2351 401 2419 Domino
423 2351 502 2418 Jesu
536 2369 597 2436 qua
630 2352 741 2419 duram
770 2353 881 2419 mortis
906 2352 1122 2435 obedientiam,
1157 2372 1235 2437 quae
1255 2356 1359 2440 ipsum

156 2466 260 2532 solum
282 2461 453 2548 expetebat,
485 2481 543 2551 pro
566 2483 655 2530 servo
678 2468 710 2531 et
730 2465 857 2531 inimico
880 2463 985 2530 subire
1007 2464 1192 2550 dedignatus
1214 2485 1277 2532 non
1300 2472 1357 2534 est.

156 2576 263 2658 Nulla,
285 2577 422 2660 inquam,
446 2575 525 2641 ratio
548 2572 641 2660 hujus
658 2576 833 2642 dilectionis
849 2575 1098 2661 magnitudinem
1113 2577 1356 2664 comprehendit,

155 2691 266 2772 utpote
300 2706 382 2771 quae
405 2705 529 2753 omnem
551 2687 681 2752 modum
713 2688 868 2753 humanae
890 2689 1115 2755 aestimationis
1138 2690 1265 2771 excedit,
1299 2690 1360 2756 nisi

158 2799 241 2884 quod
261 2796 321 2864 hoo
342 2797 537 2882 aliquatenus
558 2799 695 2866 humana
716 2800 795 2865 ratio
818 2801 903 2886 capit
925 2803 1008 2885 quod
1026 2801 1149 2885 justum
1171 2807 1203 2868 ot
1223 2801 1360 2869 rationa-

154 2908 220 2976 bile
239 2912 287 2975 est
308 2909 472 2976 veritatem
493 2911 553 2978 Dei
587 2911 625 2976 de
655 2911 817 2977 mendacio
851 2911 967 2979 diaboli
1002 2914 1196 2999 triumphare
1218 2929 1255 2980 ae
1275 2912 1360 2982 talsi-

158 3023 258 3087 tatem
280 3039 403 3106 sempor
424 3022 491 3107 ejus
513 3023 638 3088 veritati
659 3023 718 3090 Dei
740 3022 952 3091 succumbere
979 3025 1107 3091 Dixerat
1127 3029 1233 3092 autem
1255 3026 1357 3095 Deus:

157 3133 359 3200 Faciamus
396 3133 589 3200 hominem
631 3137 681 3202 ad
715 3137 931 3221 imaginem
969 3140 1004 3204 et
1043 3139 1360 3207 similitudinem

157 3244 370 3330 nostraml)
402 3246 495 3331 idque
529 3247 626 3313 totius
650 3247 813 3314 Trinitatis
836 3250 1002 3316 consilium
1025 3251 1136 3318 extitit.
1182 3251 1359 3336 Superque

158 3359 313 3446 propheta
336 3357 514 3444 supplicans
537 3362 570 3424 et
588 3359 794 3443 prophetans:
832 3361 1006 3442 eonsilium,
1030 3363 1145 3447 inquit,
1169 3365 1260 3428 tuum
1280 3363 1362 3430 anti·

158 3487 256 3555 quum
278 3487 386 3536 rerum
408 3467 473 3548 fiat,
511 3468 565 3534 sed
587 3469 666 3535 illud
688 3470 853 3538 consilium
876 3491 972 3556 quum
1005 3472 1146 3539 diabolus
1181 3473 1358 3558 decipiendo

158 3581 319 3647 hominem
341 3579 509 3647 falsificare
531 3579 660 3647 molitus
683 3584 732 3648 est
749 3581 835 3666 juste
858 3584 1012 3675 sapientia
1026 3585 1086 3651 Dei
1106 3585 1216 3652 victrix
1237 3603 1273 3650 ae
1295 3586 1361 3652 dia-

157 3690 248 3758 bolus
271 3691 399 3758 taudem
419 3692 521 3759 rictus
544 3695 576 3758 et
594 3693 726 3758 mendax
747 3712 925 3779 comparare
947 3695 1063 3777 debut,
1086 3696 1169 3763 sicut
1190 3697 1228 3763 de
1252 3698 1360 3764 eadem

158 3803 312 3889 sapientia
334 3803 487 3887 scriptum
519 3807 567 3870 est
602 3805 806 3890 „quoniam
835 3807 1002 3891 attingit
1022 3825 1042 3872 a
1062 3805 1144 3873 fine
1167 3810 1361 3893 usquead

157 3912 276 3980 finem
296 3911 459 3982 fortiter
481 3919 517 3982 et
539 3916 758 4001 disponens
778 3919 907 3986 emnia
929 3917 1144 4006 suaviter.³)
1182 3919 1234 3988 Sic
1253 3924 1360 3988 autem

157 4027 190 4092 et
209 4025 264 4092 lux
286 4026 397 4092 solaris
419 4027 565 4094 umbram
587 4032 697 4110 terrae,
730 4049 808 4115 quae
829 4051 890 4098 nox
911 4031 1033 4114 dicitur,
1057 4032 1154 4099 vincit
1176 4049 1306 4118 eamque
1327 4033 1360 4099 in

157 4153 272 4205 conum
294 4155 408 4224 cogens
430 4141 558 4208 taudem
580 4141 710 4210 deficere
732 4142 815 4210 facit.

261 4495 281 4570 ¹)
299 4497 356 4553 eod
376 4495 514 4555 tumtum.
534 4525 568 4538 -
589 4496 609 4567 ²)
629 4499 691 4556 (ten.
712 4498 737 4554 1.
757 4498 802 4555 26.
824 4527 858 4539 -
878 4502 899 4568 ⁸)
920 4499 979 4569 Sap.
997 4500 1024 4556 8.
1044 4499 1070 4555 1.
