<?xml version="1.0" encoding="UTF-8"?>
<!DOCTYPE html PUBLIC "-//W3C//DTD XHTML 1.0 Transitional//EN"
    "http://www.w3.org/TR/xhtml1/DTD/xhtml1-transitional.dtd">
<html xmlns="http://www.w3.org/1999/xhtml" xml:lang="en" lang="en">
 <head>
  <title>
</title>
<meta http-equiv="Content-Type" content="text/html;charset=utf-8" />
  <meta name='ocr-system' content='tesseract 3.04.00' />
  <meta name='ocr-capabilities' content='ocr_page ocr_carea ocr_par ocr_line ocrx_word'/>
</head>
<body>
  <div class='ocr_page' id='page_1' title='image "./operahactenusin00schegoog_0220.png"; bbox 0 0 3168 5190; ppageno 0'>
   <div class='ocr_carea' id='block_1_1' title="bbox 1282 415 1347 482">
    <p class='ocr_par' dir='ltr' id='par_1_1' title="bbox 1282 415 1347 482">
     <span class='ocr_line' id='line_1_1' title="bbox 1282 415 1347 482; baseline 0.077 -4"><span class='ocrx_word' id='word_1_1' title='bbox 1282 415 1347 482; x_wconf 76' lang='lat'><strong>205</strong></span> 
     </span>
    </p>
   </div>
   <div class='ocr_carea' id='block_1_2' title="bbox 146 579 1359 2654">
    <p class='ocr_par' dir='ltr' id='par_1_2' title="bbox 146 579 1359 2654">
     <span class='ocr_line' id='line_1_2' title="bbox 146 579 1353 670; baseline 0.007 -26"><span class='ocrx_word' id='word_1_2' title='bbox 146 583 188 644; x_wconf 89' lang='lat' dir='ltr'><strong>et</strong></span> <span class='ocrx_word' id='word_1_3' title='bbox 220 581 306 665; x_wconf 89' lang='lat' dir='ltr'><strong>ipse</strong></span> <span class='ocrx_word' id='word_1_4' title='bbox 337 596 496 646; x_wconf 89' lang='lat' dir='ltr'><strong>meeum.</strong></span> <span class='ocrx_word' id='word_1_5' title='bbox 510 579 535 666; x_wconf 84' lang='lat'><strong>¹)</strong></span> <span class='ocrx_word' id='word_1_6' title='bbox 578 579 630 646; x_wconf 86' lang='lat' dir='ltr'><strong>Ad</strong></span> <span class='ocrx_word' id='word_1_7' title='bbox 649 580 730 646; x_wconf 84' lang='lat' dir='ltr'><strong>hano</strong></span> <span class='ocrx_word' id='word_1_8' title='bbox 751 599 823 646; x_wconf 88' lang='lat' dir='ltr'><strong>vero</strong></span> <span class='ocrx_word' id='word_1_9' title='bbox 858 581 1030 649; x_wconf 77' lang='lat' dir='ltr'><strong>dilectionis</strong></span> <span class='ocrx_word' id='word_1_10' title='bbox 1065 583 1199 666; x_wconf 82' lang='lat' dir='ltr'><strong>gratiam</strong></span> <span class='ocrx_word' id='word_1_11' title='bbox 1221 584 1353 670; x_wconf 87' lang='lat' dir='ltr'><strong>abipsa</strong></span> 
     </span>
     <span class='ocr_line' id='line_1_3' title="bbox 147 690 1353 779; baseline 0.005 -23"><span class='ocrx_word' id='word_1_12' title='bbox 147 690 321 757; x_wconf 84' lang='lat' dir='ltr'><strong>divinitatis</strong></span> <span class='ocrx_word' id='word_1_13' title='bbox 344 691 546 758; x_wconf 77' lang='lat' dir='ltr'><strong>hauriendam</strong></span> <span class='ocrx_word' id='word_1_14' title='bbox 568 711 741 776; x_wconf 82' lang='lat' dir='ltr'><strong>numquam</strong></span> <span class='ocrx_word' id='word_1_15' title='bbox 761 693 867 773; x_wconf 91' lang='lat' dir='ltr'><strong>home,</strong></span> <span class='ocrx_word' id='word_1_16' title='bbox 889 696 999 779; x_wconf 89' lang='lat' dir='ltr'><strong>utpote</strong></span> <span class='ocrx_word' id='word_1_17' title='bbox 1020 694 1102 760; x_wconf 90' lang='lat' dir='ltr'><strong>male</strong></span> <span class='ocrx_word' id='word_1_18' title='bbox 1124 695 1184 761; x_wconf 89' lang='lat' dir='ltr'><strong>sibi</strong></span> <span class='ocrx_word' id='word_1_19' title='bbox 1200 698 1353 778; x_wconf 80' lang='lat' dir='ltr'><strong>conscius,</strong></span> 
     </span>
     <span class='ocr_line' id='line_1_4' title="bbox 147 799 1354 889; baseline 0.006 -24"><span class='ocrx_word' id='word_1_20' title='bbox 147 799 262 866; x_wconf 84' lang='lat' dir='ltr'><strong>faeiem</strong></span> <span class='ocrx_word' id='word_1_21' title='bbox 283 802 429 885; x_wconf 79' lang='lat' dir='ltr'>levasset,</span> <span class='ocrx_word' id='word_1_22' title='bbox 462 803 523 871; x_wconf 90' lang='lat' dir='ltr'><strong>nisi</strong></span> <span class='ocrx_word' id='word_1_23' title='bbox 554 803 636 869; x_wconf 88' lang='lat' dir='ltr'><strong>filins</strong></span> <span class='ocrx_word' id='word_1_24' title='bbox 659 802 720 868; x_wconf 92' lang='lat' dir='ltr'><strong>Dei</strong></span> <span class='ocrx_word' id='word_1_25' title='bbox 742 804 930 878; x_wconf 83' lang='lat' dir='ltr'><strong>descendens</strong></span> <span class='ocrx_word' id='word_1_26' title='bbox 963 805 1003 869; x_wconf 85' lang='lat' dir='ltr'><strong>ad</strong></span> <span class='ocrx_word' id='word_1_27' title='bbox 1024 824 1081 871; x_wconf 91' lang='lat' dir='ltr'><strong>nos</strong></span> <span class='ocrx_word' id='word_1_28' title='bbox 1103 807 1188 889; x_wconf 90' lang='lat' dir='ltr'><strong>prior</strong></span> <span class='ocrx_word' id='word_1_29' title='bbox 1209 805 1276 889; x_wconf 87' lang='lat' dir='ltr'><strong>ipse</strong></span> <span class='ocrx_word' id='word_1_30' title='bbox 1297 825 1354 873; x_wconf 90' lang='lat' dir='ltr'><strong>nos</strong></span> 
     </span>
     <span class='ocr_line' id='line_1_5' title="bbox 149 913 1355 1001; baseline 0.004 -23"><span class='ocrx_word' id='word_1_31' title='bbox 149 932 249 997; x_wconf 90' lang='lat' dir='ltr'><strong>usqne</strong></span> <span class='ocrx_word' id='word_1_32' title='bbox 271 915 312 979; x_wconf 89' lang='lat' dir='ltr'><strong>ad</strong></span> <span class='ocrx_word' id='word_1_33' title='bbox 333 914 530 982; x_wconf 91' lang='lat' dir='ltr'><strong>moriendum</strong></span> <span class='ocrx_word' id='word_1_34' title='bbox 562 934 618 998; x_wconf 88' lang='lat' dir='ltr'><strong>pro</strong></span> <span class='ocrx_word' id='word_1_35' title='bbox 641 913 730 980; x_wconf 87' lang='lat' dir='ltr'><strong>nobis</strong></span> <span class='ocrx_word' id='word_1_36' title='bbox 753 913 914 980; x_wconf 80' lang='lat' dir='ltr'><strong>dilexisset</strong></span> <span class='ocrx_word' id='word_1_37' title='bbox 935 933 1105 1001; x_wconf 84' lang='lat' dir='ltr'><strong>paremque</strong></span> <span class='ocrx_word' id='word_1_38' title='bbox 1137 916 1227 982; x_wconf 89' lang='lat' dir='ltr'><strong>nohis</strong></span> <span class='ocrx_word' id='word_1_39' title='bbox 1249 917 1289 983; x_wconf 84' lang='lat' dir='ltr'><strong>ab</strong></span> <span class='ocrx_word' id='word_1_40' title='bbox 1306 918 1355 983; x_wconf 94' lang='lat' dir='ltr'><strong>in·</strong></span> 
     </span>
     <span class='ocr_line' id='line_1_6' title="bbox 149 1022 1354 1110; baseline 0.004 -21"><span class='ocrx_word' id='word_1_41' title='bbox 149 1022 222 1090; x_wconf 88' lang='lat' dir='ltr'><strong>feris</strong></span> <span class='ocrx_word' id='word_1_42' title='bbox 256 1028 448 1110; x_wconf 76' lang='lat' dir='ltr'><strong>reportasset</strong></span> <span class='ocrx_word' id='word_1_43' title='bbox 483 1025 606 1091; x_wconf 81' lang='lat' dir='ltr'><strong>dicens:</strong></span> <span class='ocrx_word' id='word_1_44' title='bbox 643 1027 708 1091; x_wconf 82' lang='lat' dir='ltr'><strong>Per</strong></span> <span class='ocrx_word' id='word_1_45' title='bbox 741 1025 839 1093; x_wconf 84' lang='lat' dir='ltr'><strong>robis.</strong></span> <span class='ocrx_word' id='word_1_46' title='bbox 884 1027 981 1109; x_wconf 86' lang='lat' dir='ltr'><strong>Quasi</strong></span> <span class='ocrx_word' id='word_1_47' title='bbox 1014 1027 1144 1094; x_wconf 80' lang='lat' dir='ltr'><strong>diceret:</strong></span> <span class='ocrx_word' id='word_1_48' title='bbox 1182 1031 1354 1096; x_wconf 88' lang='lat' dir='ltr'><strong>Peoeatum</strong></span> 
     </span>
     <span class='ocr_line' id='line_1_7' title="bbox 148 1137 1356 1224; baseline 0.005 -23"><span class='ocrx_word' id='word_1_49' title='bbox 148 1140 289 1203; x_wconf 88' lang='lat' dir='ltr'><strong>vestmm</strong></span> <span class='ocrx_word' id='word_1_50' title='bbox 324 1145 425 1202; x_wconf 86' lang='lat' dir='ltr'><strong>morte</strong></span> <span class='ocrx_word' id='word_1_51' title='bbox 458 1154 528 1202; x_wconf 91' lang='lat' dir='ltr'><strong>mea</strong></span> <span class='ocrx_word' id='word_1_52' title='bbox 561 1137 717 1220; x_wconf 87' lang='lat' dir='ltr'><strong>expiatum</strong></span> <span class='ocrx_word' id='word_1_53' title='bbox 736 1140 768 1202; x_wconf 91' lang='lat' dir='ltr'><strong>et</strong></span> <span class='ocrx_word' id='word_1_54' title='bbox 791 1137 937 1202; x_wconf 83' lang='lat' dir='ltr'><strong>divinitas</strong></span> <span class='ocrx_word' id='word_1_55' title='bbox 970 1137 1059 1204; x_wconf 89' lang='lat' dir='ltr'><strong>vobis</strong></span> <span class='ocrx_word' id='word_1_56' title='bbox 1092 1139 1262 1224; x_wconf 85' lang='lat' dir='ltr'><strong>propitiata</strong></span> <span class='ocrx_word' id='word_1_57' title='bbox 1297 1143 1356 1208; x_wconf 80' lang='lat' dir='ltr'><strong>est.</strong></span> 
     </span>
     <span class='ocr_line' id='line_1_8' title="bbox 148 1239 1353 1335; baseline 0.001 -20"><span class='ocrx_word' id='word_1_58' title='bbox 148 1250 260 1334; x_wconf 81' lang='lat' dir='ltr'><strong>Itaque</strong></span> <span class='ocrx_word' id='word_1_59' title='bbox 281 1269 339 1335; x_wconf 89' lang='lat' dir='ltr'><strong>per</strong></span> <span class='ocrx_word' id='word_1_60' title='bbox 361 1249 465 1314; x_wconf 91' lang='lat' dir='ltr'><strong>omnia</strong></span> <span class='ocrx_word' id='word_1_61' title='bbox 487 1267 572 1314; x_wconf 88' lang='lat' dir='ltr'><strong>mors</strong></span> <span class='ocrx_word' id='word_1_62' title='bbox 596 1239 712 1315; x_wconf 80' lang='lat' dir='ltr'><strong>Christi</strong></span> <span class='ocrx_word' id='word_1_63' title='bbox 749 1250 923 1315; x_wconf 81' lang='lat' dir='ltr'><strong>necessaria</strong></span> <span class='ocrx_word' id='word_1_64' title='bbox 943 1252 1069 1314; x_wconf 85' lang='lat' dir='ltr'><strong>nostrae</strong></span> <span class='ocrx_word' id='word_1_65' title='bbox 1092 1250 1187 1316; x_wconf 87' lang='lat' dir='ltr'><strong>saluti</strong></span> <span class='ocrx_word' id='word_1_66' title='bbox 1209 1269 1353 1334; x_wconf 87' lang='lat' dir='ltr'><strong>eompre-</strong></span> 
     </span>
     <span class='ocr_line' id='line_1_9' title="bbox 149 1359 1357 1444; baseline 0.002 -18"><span class='ocrx_word' id='word_1_67' title='bbox 149 1359 243 1426; x_wconf 89' lang='lat' dir='ltr'><strong>batnr</strong></span> <span class='ocrx_word' id='word_1_68' title='bbox 277 1362 427 1443; x_wconf 85' lang='lat' dir='ltr'><strong>sineque</strong></span> <span class='ocrx_word' id='word_1_69' title='bbox 450 1359 546 1425; x_wconf 89' lang='lat' dir='ltr'><strong>etiam</strong></span> <span class='ocrx_word' id='word_1_70' title='bbox 578 1360 672 1425; x_wconf 92' lang='lat' dir='ltr'><strong>homo</strong></span> <span class='ocrx_word' id='word_1_71' title='bbox 707 1361 745 1425; x_wconf 92' lang='lat' dir='ltr'><strong>de</strong></span> <span class='ocrx_word' id='word_1_72' title='bbox 766 1363 921 1444; x_wconf 86' lang='lat' dir='ltr'><strong>potestate</strong></span> <span class='ocrx_word' id='word_1_73' title='bbox 954 1359 1069 1426; x_wconf 87' lang='lat' dir='ltr'><strong>diaboli</strong></span> <span class='ocrx_word' id='word_1_74' title='bbox 1103 1363 1209 1426; x_wconf 89' lang='lat' dir='ltr'><strong>emtus</strong></span> <span class='ocrx_word' id='word_1_75' title='bbox 1243 1359 1357 1429; x_wconf 83' lang='lat' dir='ltr'><strong>faeiem</strong></span> 
     </span>
     <span class='ocr_line' id='line_1_10' title="bbox 149 1471 1356 1556; baseline 0.002 -18"><span class='ocrx_word' id='word_1_76' title='bbox 149 1488 242 1538; x_wconf 89' lang='lat' dir='ltr'><strong>suam</strong></span> <span class='ocrx_word' id='word_1_77' title='bbox 263 1472 304 1537; x_wconf 89' lang='lat' dir='ltr'><strong>ad</strong></span> <span class='ocrx_word' id='word_1_78' title='bbox 325 1471 492 1537; x_wconf 85' lang='lat' dir='ltr'><strong>videndam</strong></span> <span class='ocrx_word' id='word_1_79' title='bbox 526 1472 701 1537; x_wconf 83' lang='lat' dir='ltr'><strong>claritatem</strong></span> <span class='ocrx_word' id='word_1_80' title='bbox 724 1472 782 1538; x_wconf 89' lang='lat' dir='ltr'><strong>Dei</strong></span> <span class='ocrx_word' id='word_1_81' title='bbox 803 1490 975 1556; x_wconf 84' lang='lat' dir='ltr'><strong>numquam</strong></span> <span class='ocrx_word' id='word_1_82' title='bbox 994 1475 1138 1540; x_wconf 87' lang='lat' dir='ltr'><strong>levasset.</strong></span> <span class='ocrx_word' id='word_1_83' title='bbox 1182 1474 1253 1540; x_wconf 88' lang='lat' dir='ltr'><strong>Hoo</strong></span> <span class='ocrx_word' id='word_1_84' title='bbox 1273 1476 1356 1541; x_wconf 90' lang='lat' dir='ltr'><strong>enim</strong></span> 
     </span>
     <span class='ocr_line' id='line_1_11' title="bbox 148 1583 1356 1671; baseline 0.002 -21"><span class='ocrx_word' id='word_1_85' title='bbox 148 1584 326 1650; x_wconf 86' lang='lat' dir='ltr'><strong>aDomino</strong></span> <span class='ocrx_word' id='word_1_86' title='bbox 361 1584 457 1650; x_wconf 85' lang='lat' dir='ltr'><strong>etiam</strong></span> <span class='ocrx_word' id='word_1_87' title='bbox 477 1584 582 1668; x_wconf 85' lang='lat' dir='ltr'><strong>Moysi</strong></span> <span class='ocrx_word' id='word_1_88' title='bbox 614 1585 731 1651; x_wconf 88' lang='lat' dir='ltr'><strong>famule</strong></span> <span class='ocrx_word' id='word_1_89' title='bbox 766 1605 822 1652; x_wconf 89' lang='lat' dir='ltr'><strong>suo</strong></span> <span class='ocrx_word' id='word_1_90' title='bbox 855 1586 1050 1671; x_wconf 85' lang='lat' dir='ltr'><strong>praedietum</strong></span> <span class='ocrx_word' id='word_1_91' title='bbox 1082 1588 1131 1651; x_wconf 89' lang='lat' dir='ltr'><strong>est</strong></span> <span class='ocrx_word' id='word_1_92' title='bbox 1152 1583 1266 1652; x_wconf 82' lang='lat' dir='ltr'><strong>faeiem</strong></span> <span class='ocrx_word' id='word_1_93' title='bbox 1289 1585 1356 1669; x_wconf 88' lang='lat' dir='ltr'><strong>ejus</strong></span> 
     </span>
     <span class='ocr_line' id='line_1_12' title="bbox 147 1695 1356 1782; baseline 0.001 -20"><span class='ocrx_word' id='word_1_94' title='bbox 147 1699 351 1782; x_wconf 88' lang='lat' dir='ltr'><strong>praemature</strong></span> <span class='ocrx_word' id='word_1_95' title='bbox 373 1696 553 1781; x_wconf 87' lang='lat' dir='ltr'><strong>suspiranti.</strong></span> <span class='ocrx_word' id='word_1_96' title='bbox 576 1695 668 1762; x_wconf 89' lang='lat' dir='ltr'><strong>Hane</strong></span> <span class='ocrx_word' id='word_1_97' title='bbox 692 1696 775 1762; x_wconf 93' lang='lat' dir='ltr'><strong>enim</strong></span> <span class='ocrx_word' id='word_1_98' title='bbox 797 1697 900 1763; x_wconf 86' lang='lat' dir='ltr'><strong>ridere</strong></span> <span class='ocrx_word' id='word_1_99' title='bbox 925 1697 1021 1762; x_wconf 85' lang='lat' dir='ltr'><strong>solius</strong></span> <span class='ocrx_word' id='word_1_100' title='bbox 1044 1697 1152 1761; x_wconf 92' lang='lat' dir='ltr'><strong>mundi</strong></span> <span class='ocrx_word' id='word_1_101' title='bbox 1174 1697 1275 1763; x_wconf 83' lang='lat' dir='ltr'><strong>cordis</strong></span> <span class='ocrx_word' id='word_1_102' title='bbox 1298 1700 1356 1777; x_wconf 84' lang='lat' dir='ltr'><strong>eet,</strong></span> 
     </span>
     <span class='ocr_line' id='line_1_13' title="bbox 149 1806 1356 1894; baseline -0.002 -20"><span class='ocrx_word' id='word_1_103' title='bbox 149 1807 237 1894; x_wconf 90' lang='lat' dir='ltr'><strong>qnod</strong></span> <span class='ocrx_word' id='word_1_104' title='bbox 253 1808 391 1874; x_wconf 92' lang='lat' dir='ltr'><strong>nondum</strong></span> <span class='ocrx_word' id='word_1_105' title='bbox 400 1806 537 1892; x_wconf 78' lang='lat' dir='ltr'><strong>perferte</strong></span> <span class='ocrx_word' id='word_1_106' title='bbox 548 1811 615 1873; x_wconf 87' lang='lat' dir='ltr'><strong>erat</strong></span> <span class='ocrx_word' id='word_1_107' title='bbox 626 1808 752 1891; x_wconf 86' lang='lat' dir='ltr'><strong>Moyses</strong></span> <span class='ocrx_word' id='word_1_108' title='bbox 764 1808 897 1873; x_wconf 90' lang='lat' dir='ltr'><strong>neodum</strong></span> <span class='ocrx_word' id='word_1_109' title='bbox 910 1807 1020 1873; x_wconf 89' lang='lat' dir='ltr'><strong>mortis</strong></span> <span class='ocrx_word' id='word_1_110' title='bbox 1035 1806 1150 1874; x_wconf 75' lang='lat' dir='ltr'><strong>Christi</strong></span> <span class='ocrx_word' id='word_1_111' title='bbox 1161 1810 1356 1872; x_wconf 87' lang='lat' dir='ltr'><strong>sacramento</strong></span> 
     </span>
     <span class='ocr_line' id='line_1_14' title="bbox 147 1916 1354 2002; baseline -0.001 -17"><span class='ocrx_word' id='word_1_112' title='bbox 147 1916 1354 2002; x_wconf 77' lang='lat' dir='ltr'><strong>expiatus.UndeaiteiDominus:Faciesmeanonvidebiturtibi,</strong></span> 
     </span>
     <span class='ocr_line' id='line_1_15' title="bbox 147 2030 1356 2115; baseline 0.002 -21"><span class='ocrx_word' id='word_1_113' title='bbox 147 2047 232 2094; x_wconf 89' lang='lat' dir='ltr'><strong>non</strong></span> <span class='ocrx_word' id='word_1_114' title='bbox 253 2030 358 2096; x_wconf 92' lang='lat' dir='ltr'><strong>enim</strong></span> <span class='ocrx_word' id='word_1_115' title='bbox 379 2030 535 2096; x_wconf 88' lang='lat' dir='ltr'><strong>videbit</strong></span> <span class='ocrx_word' id='word_1_116' title='bbox 557 2050 617 2096; x_wconf 92' lang='lat' dir='ltr'><strong>me</strong></span> <span class='ocrx_word' id='word_1_117' title='bbox 638 2030 753 2096; x_wconf 90' lang='lat' dir='ltr'><strong>homo</strong></span> <span class='ocrx_word' id='word_1_118' title='bbox 776 2034 813 2097; x_wconf 92' lang='lat' dir='ltr'><strong>et</strong></span> <span class='ocrx_word' id='word_1_119' title='bbox 834 2030 971 2096; x_wconf 85' lang='lat' dir='ltr'><strong>virere</strong></span> <span class='ocrx_word' id='word_1_120' title='bbox 992 2030 1172 2115; x_wconf 75' lang='lat' dir='ltr'><strong>poteet.²)</strong></span> <span class='ocrx_word' id='word_1_121' title='bbox 1194 2031 1293 2115; x_wconf 82' lang='lat' dir='ltr'><strong>Quasi</strong></span> <span class='ocrx_word' id='word_1_122' title='bbox 1309 2031 1356 2097; x_wconf 91' lang='lat' dir='ltr'><strong>di·</strong></span> 
     </span>
     <span class='ocr_line' id='line_1_16' title="bbox 149 2134 1356 2224; baseline 0.004 -19"><span class='ocrx_word' id='word_1_123' title='bbox 149 2144 251 2206; x_wconf 82' lang='lat' dir='ltr'><strong>ceret:</strong></span> <span class='ocrx_word' id='word_1_124' title='bbox 266 2141 374 2224; x_wconf 78' lang='lat' dir='ltr'><strong>Qualis</strong></span> <span class='ocrx_word' id='word_1_125' title='bbox 386 2146 422 2208; x_wconf 92' lang='lat' dir='ltr'><strong>tu</strong></span> <span class='ocrx_word' id='word_1_126' title='bbox 433 2141 534 2209; x_wconf 87' lang='lat' dir='ltr'><strong>adhue</strong></span> <span class='ocrx_word' id='word_1_127' title='bbox 546 2161 579 2208; x_wconf 90' lang='lat' dir='ltr'><strong>es</strong></span> <span class='ocrx_word' id='word_1_128' title='bbox 591 2142 659 2208; x_wconf 88' lang='lat' dir='ltr'><strong>vita</strong></span> <span class='ocrx_word' id='word_1_129' title='bbox 670 2143 782 2208; x_wconf 87' lang='lat' dir='ltr'><strong>veteris</strong></span> <span class='ocrx_word' id='word_1_130' title='bbox 795 2141 882 2212; x_wconf 84' lang='lat' dir='ltr'><strong>Adae</strong></span> <span class='ocrx_word' id='word_1_131' title='bbox 894 2143 1000 2210; x_wconf 87' lang='lat' dir='ltr'><strong>virens</strong></span> <span class='ocrx_word' id='word_1_132' title='bbox 1013 2140 1125 2208; x_wconf 86' lang='lat' dir='ltr'><strong>faeiem</strong></span> <span class='ocrx_word' id='word_1_133' title='bbox 1137 2162 1240 2210; x_wconf 89' lang='lat' dir='ltr'><strong>meam</strong></span> <span class='ocrx_word' id='word_1_134' title='bbox 1252 2134 1356 2210; x_wconf 85' lang='lat' dir='ltr'><strong>ridere</strong></span> 
     </span>
     <span class='ocr_line' id='line_1_17' title="bbox 151 2253 1359 2339; baseline 0.002 -21"><span class='ocrx_word' id='word_1_135' title='bbox 151 2270 222 2318; x_wconf 92' lang='lat' dir='ltr'><strong>non</strong></span> <span class='ocrx_word' id='word_1_136' title='bbox 242 2253 360 2337; x_wconf 90' lang='lat' dir='ltr'><strong>poteris</strong></span> <span class='ocrx_word' id='word_1_137' title='bbox 385 2254 440 2318; x_wconf 91' lang='lat' dir='ltr'><strong>sed</strong></span> <span class='ocrx_word' id='word_1_138' title='bbox 461 2256 650 2337; x_wconf 66' lang='lat' dir='ltr'><strong>oporteant</strong></span> <span class='ocrx_word' id='word_1_139' title='bbox 672 2254 815 2319; x_wconf 88' lang='lat' dir='ltr'><strong>moriaris</strong></span> <span class='ocrx_word' id='word_1_140' title='bbox 839 2257 874 2319; x_wconf 87' lang='lat' dir='ltr'><strong>tu</strong></span> <span class='ocrx_word' id='word_1_141' title='bbox 895 2255 997 2339; x_wconf 91' lang='lat' dir='ltr'><strong>primo</strong></span> <span class='ocrx_word' id='word_1_142' title='bbox 1021 2273 1093 2320; x_wconf 86' lang='lat' dir='ltr'><strong>cnm</strong></span> <span class='ocrx_word' id='word_1_143' title='bbox 1114 2255 1359 2338; x_wconf 77' lang='lat' dir='ltr'><strong>reliquis&#39;homi·</strong></span> 
     </span>
     <span class='ocr_line' id='line_1_18' title="bbox 151 2362 1357 2450; baseline 0.005 -23"><span class='ocrx_word' id='word_1_144' title='bbox 151 2362 245 2430; x_wconf 89' lang='lat' dir='ltr'><strong>nibus</strong></span> <span class='ocrx_word' id='word_1_145' title='bbox 269 2366 463 2430; x_wconf 83' lang='lat' dir='ltr'><strong>raeramento</strong></span> <span class='ocrx_word' id='word_1_146' title='bbox 482 2365 593 2430; x_wconf 81' lang='lat' dir='ltr'><strong>mortis</strong></span> <span class='ocrx_word' id='word_1_147' title='bbox 615 2364 768 2449; x_wconf 87' lang='lat' dir='ltr'><strong>unigeniti</strong></span> <span class='ocrx_word' id='word_1_148' title='bbox 789 2364 852 2431; x_wconf 91' lang='lat' dir='ltr'><strong>mei</strong></span> <span class='ocrx_word' id='word_1_149' title='bbox 872 2365 1062 2450; x_wconf 78' lang='lat' dir='ltr'><strong>participans</strong></span> <span class='ocrx_word' id='word_1_150' title='bbox 1078 2365 1186 2449; x_wconf 88' lang='lat' dir='ltr'><strong>sieque</strong></span> <span class='ocrx_word' id='word_1_151' title='bbox 1204 2367 1231 2432; x_wconf 92' lang='lat' dir='ltr'><strong>ei</strong></span> <span class='ocrx_word' id='word_1_152' title='bbox 1248 2386 1357 2433; x_wconf 89' lang='lat' dir='ltr'><strong>eonse-</strong></span> 
     </span>
     <span class='ocr_line' id='line_1_19' title="bbox 153 2474 1357 2561; baseline 0.002 -22"><span class='ocrx_word' id='word_1_153' title='bbox 153 2474 262 2559; x_wconf 89' lang='lat' dir='ltr'><strong>pultus</strong></span> <span class='ocrx_word' id='word_1_154' title='bbox 284 2493 340 2559; x_wconf 90' lang='lat' dir='ltr'><strong>per</strong></span> <span class='ocrx_word' id='word_1_155' title='bbox 360 2475 552 2561; x_wconf 88' lang='lat' dir='ltr'><strong>baptismum</strong></span> <span class='ocrx_word' id='word_1_156' title='bbox 572 2476 605 2542; x_wconf 93' lang='lat' dir='ltr'><strong>in</strong></span> <span class='ocrx_word' id='word_1_157' title='bbox 627 2479 728 2542; x_wconf 88' lang='lat' dir='ltr'><strong>morte</strong></span> <span class='ocrx_word' id='word_1_158' title='bbox 756 2475 868 2542; x_wconf 86' lang='lat' dir='ltr'><strong>faeiem</strong></span> <span class='ocrx_word' id='word_1_159' title='bbox 890 2493 993 2542; x_wconf 87' lang='lat' dir='ltr'><strong>meam</strong></span> <span class='ocrx_word' id='word_1_160' title='bbox 1011 2476 1115 2543; x_wconf 88' lang='lat' dir='ltr'><strong>ridere</strong></span> <span class='ocrx_word' id='word_1_161' title='bbox 1136 2477 1265 2544; x_wconf 90' lang='lat' dir='ltr'><strong>idoneus</strong></span> <span class='ocrx_word' id='word_1_162' title='bbox 1289 2477 1357 2542; x_wconf 87' lang='lat' dir='ltr'><strong>elfi-</strong></span> 
     </span>
     <span class='ocr_line' id='line_1_20' title="bbox 153 2604 255 2654; baseline 0.01 -2"><span class='ocrx_word' id='word_1_163' title='bbox 153 2604 255 2654; x_wconf 84' lang='lat' dir='ltr'><strong>erens.</strong></span> 
     </span>
    </p>
   </div>
   <div class='ocr_carea' id='block_1_3' title="bbox 665 2873 848 2944">
    <p class='ocr_par' dir='ltr' id='par_1_3' title="bbox 665 2873 848 2944">
     <span class='ocr_line' id='line_1_21' title="bbox 665 2873 848 2944; baseline 0.005 -12"><span class='ocrx_word' id='word_1_164' title='bbox 665 2874 776 2944; x_wconf 76' lang='lat' dir='ltr'><strong>Gap.</strong></span> <span class='ocrx_word' id='word_1_165' title='bbox 794 2873 848 2933; x_wconf 86' lang='lat' dir='ltr'><strong>X.</strong></span> 
     </span>
    </p>
   </div>
   <div class='ocr_carea' id='block_1_4' title="bbox 153 2995 1357 3199">
    <p class='ocr_par' dir='ltr' id='par_1_4' title="bbox 153 2995 1357 3199">
     <span class='ocr_line' id='line_1_22' title="bbox 153 2995 1357 3088; baseline -0.002 -20"><span class='ocrx_word' id='word_1_166' title='bbox 153 2997 324 3074; x_wconf 70' lang='lat' dir='ltr'><strong>dissolutio</strong></span> <span class='ocrx_word' id='word_1_167' title='bbox 350 3016 487 3086; x_wconf 81' lang='lat' dir='ltr'><strong>magnae</strong></span> <span class='ocrx_word' id='word_1_168' title='bbox 515 2998 714 3088; x_wconf 82' lang='lat' dir='ltr'><strong>quaestionis</strong></span> <span class='ocrx_word' id='word_1_169' title='bbox 735 3017 796 3087; x_wconf 90' lang='lat' dir='ltr'><strong>per</strong></span> <span class='ocrx_word' id='word_1_170' title='bbox 817 2995 1064 3067; x_wconf 88' lang='lat' dir='ltr'><strong>similitudinem</strong></span> <span class='ocrx_word' id='word_1_171' title='bbox 1094 2997 1235 3067; x_wconf 89' lang='lat' dir='ltr'><strong>alterius</strong></span> <span class='ocrx_word' id='word_1_172' title='bbox 1264 3016 1357 3086; x_wconf 90' lang='lat' dir='ltr'><strong>quae-</strong></span> 
     </span>
     <span class='ocr_line' id='line_1_23' title="bbox 455 3110 1056 3199; baseline -0.002 -20"><span class='ocrx_word' id='word_1_173' title='bbox 455 3110 570 3179; x_wconf 88' lang='lat' dir='ltr'><strong>stionis</strong></span> <span class='ocrx_word' id='word_1_174' title='bbox 593 3131 634 3179; x_wconf 84' lang='lat' dir='ltr'><strong>ex</strong></span> <span class='ocrx_word' id='word_1_175' title='bbox 655 3111 829 3199; x_wconf 88' lang='lat' dir='ltr'><strong>seripturis</strong></span> <span class='ocrx_word' id='word_1_176' title='bbox 851 3112 1056 3199; x_wconf 86' lang='lat' dir='ltr'><strong>assumptam.</strong></span> 
     </span>
    </p>
   </div>
   <div class='ocr_carea' id='block_1_5' title="bbox 153 3296 1359 4386">
    <p class='ocr_par' dir='ltr' id='par_1_5' title="bbox 153 3296 1359 4386">
     <span class='ocr_line' id='line_1_24' title="bbox 256 3296 1357 3384; baseline -0.001 -19"><span class='ocrx_word' id='word_1_177' title='bbox 256 3298 318 3366; x_wconf 86' lang='lat' dir='ltr'><strong>Sed</strong></span> <span class='ocrx_word' id='word_1_178' title='bbox 338 3299 427 3384; x_wconf 87' lang='lat' dir='ltr'><strong>ajunt</strong></span> <span class='ocrx_word' id='word_1_179' title='bbox 447 3298 549 3365; x_wconf 87' lang='lat' dir='ltr'><strong>adhue</strong></span> <span class='ocrx_word' id='word_1_180' title='bbox 570 3298 768 3384; x_wconf 86' lang='lat' dir='ltr'><strong>inquisitores</strong></span> <span class='ocrx_word' id='word_1_181' title='bbox 790 3297 891 3383; x_wconf 82' lang='lat' dir='ltr'><strong>magis</strong></span> <span class='ocrx_word' id='word_1_182' title='bbox 914 3297 1071 3364; x_wconf 88' lang='lat' dir='ltr'><strong>temerarii</strong></span> <span class='ocrx_word' id='word_1_183' title='bbox 1094 3314 1187 3381; x_wconf 88' lang='lat' dir='ltr'><strong>quam</strong></span> <span class='ocrx_word' id='word_1_184' title='bbox 1209 3296 1270 3381; x_wconf 89' lang='lat' dir='ltr'><strong>pii:</strong></span> <span class='ocrx_word' id='word_1_185' title='bbox 1294 3298 1357 3366; x_wconf 83' lang='grc' dir='ltr'>(ιιι</span> 
     </span>
     <span class='ocr_line' id='line_1_25' title="bbox 154 3409 1356 3498; baseline 0 -22"><span class='ocrx_word' id='word_1_186' title='bbox 154 3429 216 3477; x_wconf 95' lang='lat' dir='ltr'><strong>non</strong></span> <span class='ocrx_word' id='word_1_187' title='bbox 235 3411 342 3497; x_wconf 89' lang='lat' dir='ltr'><strong>potins</strong></span> <span class='ocrx_word' id='word_1_188' title='bbox 363 3409 440 3498; x_wconf 75' lang='lat' dir='ltr'><strong>feeit</strong></span> <span class='ocrx_word' id='word_1_189' title='bbox 461 3410 564 3491; x_wconf 88' lang='lat' dir='ltr'><strong>Deus,</strong></span> <span class='ocrx_word' id='word_1_190' title='bbox 585 3412 621 3475; x_wconf 91' lang='lat' dir='ltr'><strong>ut</strong></span> <span class='ocrx_word' id='word_1_191' title='bbox 644 3409 785 3476; x_wconf 89' lang='lat' dir='ltr'><strong>diabolus</strong></span> <span class='ocrx_word' id='word_1_192' title='bbox 807 3429 870 3475; x_wconf 93' lang='lat' dir='ltr'><strong>nen</strong></span> <span class='ocrx_word' id='word_1_193' title='bbox 891 3409 1005 3476; x_wconf 82' lang='lat' dir='ltr'><strong>fuisset</strong></span> <span class='ocrx_word' id='word_1_194' title='bbox 1027 3414 1058 3475; x_wconf 88' lang='lat' dir='ltr'><strong>et</strong></span> <span class='ocrx_word' id='word_1_195' title='bbox 1079 3410 1173 3476; x_wconf 90' lang='lat' dir='ltr'><strong>homo</strong></span> <span class='ocrx_word' id='word_1_196' title='bbox 1196 3425 1259 3475; x_wconf 89' lang='lat' dir='ltr'><strong>non</strong></span> <span class='ocrx_word' id='word_1_197' title='bbox 1281 3429 1356 3495; x_wconf 88' lang='lat' dir='ltr'><strong>peo-</strong></span> 
     </span>
     <span class='ocr_line' id='line_1_26' title="bbox 156 3519 1359 3606; baseline -0.002 -16"><span class='ocrx_word' id='word_1_198' title='bbox 156 3526 258 3590; x_wconf 81' lang='lat' dir='ltr'><strong>easset</strong></span> <span class='ocrx_word' id='word_1_199' title='bbox 280 3523 387 3606; x_wconf 89' lang='lat' dir='ltr'><strong>sieque</strong></span> <span class='ocrx_word' id='word_1_200' title='bbox 407 3540 492 3588; x_wconf 91' lang='lat' dir='ltr'><strong>mers</strong></span> <span class='ocrx_word' id='word_1_201' title='bbox 515 3520 581 3606; x_wconf 88' lang='lat' dir='ltr'><strong>ejus</strong></span> <span class='ocrx_word' id='word_1_202' title='bbox 604 3520 777 3586; x_wconf 78' lang='lat' dir='ltr'><strong>necessaria</strong></span> <span class='ocrx_word' id='word_1_203' title='bbox 799 3537 862 3586; x_wconf 93' lang='lat' dir='ltr'><strong>non</strong></span> <span class='ocrx_word' id='word_1_204' title='bbox 885 3519 1061 3586; x_wconf 77' lang='lat' dir='ltr'><strong>extitisset?</strong></span> <span class='ocrx_word' id='word_1_205' title='bbox 1084 3519 1113 3586; x_wconf 82' lang='lat' dir='ltr'>A</span> <span class='ocrx_word' id='word_1_206' title='bbox 1137 3521 1248 3605; x_wconf 88' lang='lat' dir='ltr'><strong>quibus</strong></span> <span class='ocrx_word' id='word_1_207' title='bbox 1272 3541 1288 3588; x_wconf 91' lang='lat' dir='ltr'><strong>e</strong></span> <span class='ocrx_word' id='word_1_208' title='bbox 1311 3523 1359 3587; x_wconf 94' lang='lat' dir='ltr'><strong>di·</strong></span> 
     </span>
     <span class='ocr_line' id='line_1_27' title="bbox 154 3631 1357 3719; baseline 0 -20"><span class='ocrx_word' id='word_1_209' title='bbox 154 3652 243 3700; x_wconf 85' lang='lat' dir='ltr'><strong>verso</strong></span> <span class='ocrx_word' id='word_1_210' title='bbox 267 3636 300 3701; x_wconf 92' lang='lat' dir='ltr'><strong>et</strong></span> <span class='ocrx_word' id='word_1_211' title='bbox 321 3652 378 3701; x_wconf 88' lang='lat' dir='ltr'><strong>nos</strong></span> <span class='ocrx_word' id='word_1_212' title='bbox 412 3652 559 3719; x_wconf 89' lang='lat' dir='ltr'><strong>quaerere</strong></span> <span class='ocrx_word' id='word_1_213' title='bbox 581 3650 766 3716; x_wconf 89' lang='lat' dir='ltr'><strong>pessumus:</strong></span> <span class='ocrx_word' id='word_1_214' title='bbox 801 3631 864 3700; x_wconf 79' lang='lat' dir='ltr'><strong>dur</strong></span> <span class='ocrx_word' id='word_1_215' title='bbox 884 3650 947 3698; x_wconf 92' lang='lat' dir='ltr'><strong>non</strong></span> <span class='ocrx_word' id='word_1_216' title='bbox 968 3632 1071 3716; x_wconf 92' lang='lat' dir='ltr'><strong>potius</strong></span> <span class='ocrx_word' id='word_1_217' title='bbox 1094 3631 1286 3714; x_wconf 78' lang='lat' dir='ltr'><strong>sociemus,</strong></span> <span class='ocrx_word' id='word_1_218' title='bbox 1317 3638 1357 3699; x_wconf 90' lang='lat' dir='ltr'><strong>ut</strong></span> 
     </span>
     <span class='ocr_line' id='line_1_28' title="bbox 154 3744 1356 3832; baseline 0 -21"><span class='ocrx_word' id='word_1_219' title='bbox 154 3745 255 3811; x_wconf 87' lang='lat' dir='ltr'><strong>Israel</strong></span> <span class='ocrx_word' id='word_1_220' title='bbox 274 3745 308 3810; x_wconf 93' lang='lat' dir='ltr'><strong>in</strong></span> <span class='ocrx_word' id='word_1_221' title='bbox 329 3744 511 3832; x_wconf 81' lang='lat' dir='ltr'><strong>Aegyptum</strong></span> <span class='ocrx_word' id='word_1_222' title='bbox 544 3764 606 3812; x_wconf 91' lang='lat' dir='ltr'><strong>non</strong></span> <span class='ocrx_word' id='word_1_223' title='bbox 640 3744 850 3812; x_wconf 75' lang='lat' dir='ltr'><strong>descendisset</strong></span> <span class='ocrx_word' id='word_1_224' title='bbox 872 3748 904 3811; x_wconf 89' lang='lat' dir='ltr'><strong>et</strong></span> <span class='ocrx_word' id='word_1_225' title='bbox 925 3744 1046 3810; x_wconf 89' lang='lat' dir='ltr'><strong>Pharao</strong></span> <span class='ocrx_word' id='word_1_226' title='bbox 1080 3763 1133 3810; x_wconf 83' lang='lat' dir='ltr'><strong>rex</strong></span> <span class='ocrx_word' id='word_1_227' title='bbox 1154 3744 1270 3830; x_wconf 89' lang='lat' dir='ltr'><strong>impius</strong></span> <span class='ocrx_word' id='word_1_228' title='bbox 1293 3764 1356 3811; x_wconf 88' lang='lat' dir='ltr'><strong>non</strong></span> 
     </span>
     <span class='ocr_line' id='line_1_29' title="bbox 154 3854 1358 3942; baseline 0.001 -20"><span class='ocrx_word' id='word_1_229' title='bbox 154 3854 277 3940; x_wconf 84' lang='lat' dir='ltr'><strong>fuisset,</strong></span> <span class='ocrx_word' id='word_1_230' title='bbox 302 3874 397 3940; x_wconf 90' lang='lat' dir='ltr'><strong>qnam</strong></span> <span class='ocrx_word' id='word_1_231' title='bbox 419 3859 456 3923; x_wconf 92' lang='lat' dir='ltr'><strong>ut</strong></span> <span class='ocrx_word' id='word_1_232' title='bbox 478 3860 527 3924; x_wconf 91' lang='lat' dir='ltr'><strong>tot</strong></span> <span class='ocrx_word' id='word_1_233' title='bbox 548 3858 650 3942; x_wconf 83' lang='lat' dir='ltr'><strong>plagis</strong></span> <span class='ocrx_word' id='word_1_234' title='bbox 666 3860 697 3923; x_wconf 87' lang='lat' dir='ltr'><strong>et</strong></span> <span class='ocrx_word' id='word_1_235' title='bbox 711 3857 809 3942; x_wconf 86' lang='lat' dir='ltr'><strong>signis</strong></span> <span class='ocrx_word' id='word_1_236' title='bbox 825 3874 862 3921; x_wconf 89' lang='lat' dir='ltr'><strong>ae</strong></span> <span class='ocrx_word' id='word_1_237' title='bbox 877 3855 1025 3940; x_wconf 87' lang='lat' dir='ltr'><strong>prodigiis</strong></span> <span class='ocrx_word' id='word_1_238' title='bbox 1044 3855 1115 3920; x_wconf 93' lang='lat' dir='ltr'><strong>inde</strong></span> <span class='ocrx_word' id='word_1_239' title='bbox 1137 3854 1263 3922; x_wconf 88' lang='lat' dir='ltr'><strong>liberari</strong></span> <span class='ocrx_word' id='word_1_240' title='bbox 1285 3876 1358 3923; x_wconf 92' lang='lat' dir='ltr'><strong>eum</strong></span> 
     </span>
     <span class='ocr_line' id='line_1_30' title="bbox 155 3965 1359 4054; baseline 0 -21"><span class='ocrx_word' id='word_1_241' title='bbox 155 3968 371 4052; x_wconf 76' lang='lat' dir='ltr'><strong>oportuisset?</strong></span> <span class='ocrx_word' id='word_1_242' title='bbox 415 3968 506 4050; x_wconf 82' lang='lat' dir='ltr'><strong>Quod</strong></span> <span class='ocrx_word' id='word_1_243' title='bbox 529 3969 555 4034; x_wconf 90' lang='lat' dir='ltr'><strong>si</strong></span> <span class='ocrx_word' id='word_1_244' title='bbox 577 3968 803 4051; x_wconf 89' lang='lat' dir='ltr'><strong>responderint,</strong></span> <span class='ocrx_word' id='word_1_245' title='bbox 827 3968 974 4052; x_wconf 88' lang='lat' dir='ltr'><strong>quoniam</strong></span> <span class='ocrx_word' id='word_1_246' title='bbox 1008 3965 1111 4032; x_wconf 87' lang='lat' dir='ltr'><strong>divina</strong></span> <span class='ocrx_word' id='word_1_247' title='bbox 1133 3967 1359 4054; x_wconf 88' lang='lat' dir='ltr'><strong>omnipotentia</strong></span> 
     </span>
     <span class='ocr_line' id='line_1_31' title="bbox 153 4080 1359 4168; baseline -0.002 -21"><span class='ocrx_word' id='word_1_248' title='bbox 153 4081 203 4147; x_wconf 87' lang='lat' dir='ltr'><strong>his</strong></span> <span class='ocrx_word' id='word_1_249' title='bbox 225 4081 328 4168; x_wconf 87' lang='lat' dir='ltr'><strong>plagis</strong></span> <span class='ocrx_word' id='word_1_250' title='bbox 351 4084 383 4148; x_wconf 92' lang='lat' dir='ltr'><strong>et</strong></span> <span class='ocrx_word' id='word_1_251' title='bbox 403 4080 600 4148; x_wconf 88' lang='lat' dir='ltr'><strong>mirabilibus</strong></span> <span class='ocrx_word' id='word_1_252' title='bbox 615 4081 785 4148; x_wconf 83' lang='lat' dir='ltr'><strong>olarifioata</strong></span> <span class='ocrx_word' id='word_1_253' title='bbox 800 4084 857 4162; x_wconf 90' lang='lat' dir='ltr'><strong>est,</strong></span> <span class='ocrx_word' id='word_1_254' title='bbox 880 4081 936 4160; x_wconf 86' lang='lat' dir='ltr'><strong>ita,</strong></span> <span class='ocrx_word' id='word_1_255' title='bbox 959 4080 996 4144; x_wconf 90' lang='lat' dir='ltr'><strong>ut</strong></span> <span class='ocrx_word' id='word_1_256' title='bbox 1013 4095 1120 4144; x_wconf 91' lang='lat' dir='ltr'><strong>omnes</strong></span> <span class='ocrx_word' id='word_1_257' title='bbox 1136 4082 1245 4163; x_wconf 86' lang='lat' dir='ltr'><strong>gentes</strong></span> <span class='ocrx_word' id='word_1_258' title='bbox 1269 4097 1359 4146; x_wconf 90' lang='lat' dir='ltr'><strong>enar·</strong></span> 
     </span>
     <span class='ocr_line' id='line_1_32' title="bbox 153 4190 1357 4277; baseline -0.002 -19"><span class='ocrx_word' id='word_1_259' title='bbox 153 4195 233 4273; x_wconf 85' lang='lat' dir='ltr'><strong>rent,</strong></span> <span class='ocrx_word' id='word_1_260' title='bbox 268 4191 426 4277; x_wconf 84' lang='lat' dir='ltr'><strong>magnalia</strong></span> <span class='ocrx_word' id='word_1_261' title='bbox 447 4191 515 4272; x_wconf 91' lang='lat' dir='ltr'><strong>Dei,</strong></span> <span class='ocrx_word' id='word_1_262' title='bbox 554 4195 707 4277; x_wconf 94' lang='lat' dir='ltr'><strong>quomodo</strong></span> <span class='ocrx_word' id='word_1_263' title='bbox 740 4193 885 4260; x_wconf 87' lang='lat' dir='ltr'><strong>videlieet</strong></span> <span class='ocrx_word' id='word_1_264' title='bbox 917 4190 1112 4256; x_wconf 89' lang='lat' dir='ltr'><strong>Pharaonem</strong></span> <span class='ocrx_word' id='word_1_265' title='bbox 1134 4193 1166 4256; x_wconf 91' lang='lat' dir='ltr'><strong>et</strong></span> <span class='ocrx_word' id='word_1_266' title='bbox 1188 4190 1357 4257; x_wconf 82' lang='lat' dir='ltr'><strong>exercitum</strong></span> 
     </span>
     <span class='ocr_line' id='line_1_33' title="bbox 154 4299 1356 4386; baseline 0 -19"><span class='ocrx_word' id='word_1_267' title='bbox 154 4301 222 4386; x_wconf 83' lang='lat' dir='ltr'><strong>ejus</strong></span> <span class='ocrx_word' id='word_1_268' title='bbox 244 4299 407 4369; x_wconf 85' lang='lat' dir='ltr'><strong>obtriverit</strong></span> <span class='ocrx_word' id='word_1_269' title='bbox 428 4303 460 4368; x_wconf 92' lang='lat' dir='ltr'><strong>in</strong></span> <span class='ocrx_word' id='word_1_270' title='bbox 482 4304 563 4369; x_wconf 91' lang='lat' dir='ltr'><strong>mari</strong></span> <span class='ocrx_word' id='word_1_271' title='bbox 585 4302 678 4370; x_wconf 89' lang='lat' dir='ltr'><strong>mbro</strong></span> <span class='ocrx_word' id='word_1_272' title='bbox 702 4307 734 4371; x_wconf 91' lang='lat' dir='ltr'><strong>et</strong></span> <span class='ocrx_word' id='word_1_273' title='bbox 754 4301 933 4371; x_wconf 83' lang='lat' dir='ltr'><strong>liberaverit</strong></span> <span class='ocrx_word' id='word_1_274' title='bbox 953 4301 1105 4372; x_wconf 89' lang='lat' dir='ltr'><strong>Israelem</strong></span> <span class='ocrx_word' id='word_1_275' title='bbox 1127 4304 1259 4371; x_wconf 81' lang='lat' dir='ltr'><strong>educens</strong></span> <span class='ocrx_word' id='word_1_276' title='bbox 1284 4320 1356 4368; x_wconf 91' lang='lat' dir='ltr'><strong>eum</strong></span> 
     </span>
    </p>
   </div>
   <div class='ocr_carea' id='block_1_6' title="bbox 155 4443 406 4458">
    <p class='ocr_par' dir='ltr' id='par_1_6' title="bbox 155 4443 406 4458">
     <span class='ocr_line' id='line_1_34' title="bbox 155 4443 406 4458; baseline -0.016 0"><span class='ocrx_word' id='word_1_277' title='bbox 155 4443 406 4458; x_wconf 53' lang='lat' dir='ltr'><strong>*u-</strong></span> 
     </span>
    </p>
   </div>
   <div class='ocr_carea' id='block_1_7' title="bbox 259 4489 809 4560">
    <p class='ocr_par' dir='ltr' id='par_1_7' title="bbox 259 4489 809 4560">
     <span class='ocr_line' id='line_1_35' title="bbox 259 4489 809 4560; baseline 0.005 -14"><span class='ocrx_word' id='word_1_278' title='bbox 259 4489 277 4560; x_wconf 86' lang='lat'><strong>¹)</strong></span> <span class='ocrx_word' id='word_1_279' title='bbox 296 4507 369 4560; x_wconf 78' lang='lat' dir='ltr'><strong>apos.</strong></span> <span class='ocrx_word' id='word_1_280' title='bbox 388 4493 414 4548; x_wconf 88' lang='lat'><strong>3.</strong></span> <span class='ocrx_word' id='word_1_281' title='bbox 434 4494 479 4550; x_wconf 78' lang='grc'><strong>20.</strong></span> <span class='ocrx_word' id='word_1_282' title='bbox 504 4521 533 4534; x_wconf 94' lang='grc'><strong>-</strong></span> <span class='ocrx_word' id='word_1_283' title='bbox 555 4489 575 4560; x_wconf 80' lang='lat'><strong>¹)</strong></span> <span class='ocrx_word' id='word_1_284' title='bbox 594 4491 680 4552; x_wconf 82' lang='lat' dir='ltr'><strong>Exod.</strong></span> <span class='ocrx_word' id='word_1_285' title='bbox 700 4491 745 4548; x_wconf 87' lang='lat'><strong>33.</strong></span> <span class='ocrx_word' id='word_1_286' title='bbox 764 4491 809 4549; x_wconf 83' lang='lat'><strong>20.</strong></span> 
     </span>
    </p>
   </div>
   <div class='ocr_carea' id='block_1_8' title="bbox 0 0 1597 5190">
    <p class='ocr_par' dir='ltr' id='par_1_8' title="bbox 0 0 1597 5190">
     <span class='ocr_line' id='line_1_36' title="bbox 0 0 1597 5190; baseline 0 0"><span class='ocrx_word' id='word_1_287' title='bbox 0 0 1597 5190; x_wconf 95' lang='lat' dir='ltr'><strong> </strong></span> 
     </span>
    </p>
   </div>
  </div>
 </body>
</html>
