3172 5202
239 375 281 440 98

239 545 398 611 lomonem
416 545 456 610 ad
478 537 675 610 altitudinem
710 546 835 610 centum
865 542 976 628 viginti
998 542 1184 610 cubitorum.
1200 541 1266 608 fieri
1287 539 1388 606 uoluit
1408 557 1446 604 co

239 655 348 721 deinde
371 657 446 741 post
469 654 585 720 sacrati
607 654 730 720 numeri
752 672 789 720 ac
808 673 1026 721 mensurarum
1047 657 1287 741 completionem
1307 651 1445 719 dedicari

239 768 305 834 Deo
327 783 365 832 ao
377 764 527 846 benedici,
550 765 604 831 sed
626 764 698 847 quia
720 764 874 850 praevidit
894 764 928 829 in
947 767 1106 848 apostolos
1121 765 1304 851 plebemque
1318 764 1446 830 creden·

240 879 321 944 tium
342 878 382 943 ad
406 876 546 962 ejusdem
567 876 690 942 numeri
705 876 819 941 sacrati
834 877 1040 960 quantitatem
1063 881 1267 963 congregatos
1291 876 1446 962 Spiritum

241 993 395 1069 sanctum,
405 989 458 1073 qni
473 992 522 1054 est
538 1005 612 1053 vera
623 985 796 1054 benedictio
812 990 845 1053 et
860 987 1073 1069 sanctificatio,
1090 988 1224 1056 effusum
1238 988 1286 1068 iri,
1300 986 1446 1054 similiter

240 1104 272 1166 et
286 1101 415 1167 eandem
430 1101 560 1166 domum
574 1117 647 1166 cum
662 1099 822 1183 sexaginta
838 1101 962 1165 tantum
976 1098 1154 1166 cubitorum
1170 1101 1342 1168 secundum
1353 1119 1446 1186 pree·

239 1215 365 1297 ceptum
380 1211 452 1297 Oyri
466 1213 497 1277 et
511 1210 599 1275 Darii
620 1228 730 1294 regum
745 1209 940 1277 reaedificata
962 1210 1070 1292 fuisse,
1089 1211 1190 1278 noluit
1204 1212 1237 1278 in
1251 1212 1308 1277 tali
1326 1213 1446 1298 imper·

239 1325 372 1391 sectione
385 1340 568 1410 permanere
583 1323 684 1388 sedin
698 1322 863 1406 antiquum
874 1325 1001 1388 centnm
1013 1322 1125 1407 viginti
1136 1321 1314 1390 cubitorum
1326 1326 1446 1389 statum

240 1437 272 1500 et
293 1434 490 1501 altitudinem
511 1433 689 1516 restaurari,
712 1433 796 1516 quod
817 1452 874 1517 per
896 1430 1053 1498 Herodem
1071 1431 1231 1500 funestum
1241 1431 1362 1499 iactum
1385 1436 1445 1512 est,

240 1545 347 1630 sicque
379 1545 412 1611 iu
446 1545 555 1612 eadem
585 1546 677 1611 domo
702 1543 845 1611 Christus
867 1546 1084 1628 praesentatus
1107 1547 1165 1625 est,
1199 1544 1260 1610 hoo
1293 1544 1443 1610 nimirum

239 1675 297 1743 por
326 1657 402 1724 haee
434 1656 608 1723 materialia
641 1658 748 1723 sancto
782 1655 962 1721 intendente
995 1655 1164 1740 sapientiae
1197 1653 1325 1740 Spiritu,
1363 1655 1446 1738 quod

238 1766 336 1853 (ante)
358 1767 506 1833 ultimum
539 1785 661 1851 quoque
694 1766 809 1835 christi
843 1767 1011 1834 adrentum
1033 1767 1178 1848 ecclesia,
1201 1768 1351 1849 quaeest
1373 1783 1446 1833 vera

241 1882 271 1943 et
292 1879 361 1945 riva
382 1880 494 1944 domus
516 1878 576 1944 Dei
597 1878 729 1944 viventis
747 1876 781 1943 in
802 1877 861 1961 his,
885 1879 938 1962 qui
959 1877 1138 1964 spirituales
1155 1877 1302 1945 dicuntur
1323 1881 1355 1944 et
1378 1899 1446 1945 esse

241 1987 363 2069 debent,
396 1990 436 2055 ad
457 1989 618 2073 antiquam
640 1988 831 2076 apostolicae
867 1989 1067 2075 perfectionis
1096 1991 1327 2056 institutionem
1348 1990 1448 2057 refor-

242 2103 356 2167 manda
378 2101 438 2181 sit,
471 2102 512 2166 ad
544 2102 604 2168 hoo
636 2103 848 2168 annitentibus
878 2101 1159 2187 qualibuscumque
1190 2101 1381 2187 principibus
1416 2105 1448 2168 et

243 2211 361 2278 Herodi
394 2210 564 2284 similibus.
603 2214 689 2279 Haec
722 2213 804 2278 enim
837 2213 1027 2298 apostolicae
1059 2213 1264 2279 institutionis
1297 2212 1448 2299 perfectio

243 2325 406 2406 tamquam
426 2322 505 2388 nihil
526 2322 661 2389 habendi
683 2327 714 2388 et
734 2323 839 2389 omnia
873 2323 1050 2408 possidendi
1070 2326 1154 2389 recte
1176 2343 1233 2408 per
1255 2327 1381 2390 centum
1401 2323 1448 2389 vi·

242 2433 323 2519 giuti
345 2433 522 2502 cubitorum
544 2435 752 2512 altitudinem,
785 2438 820 2501 ut
851 2435 994 2521 superios
1017 2434 1132 2518 partim
1155 2433 1327 2513 docuimus,
1351 2431 1450 2518 signi·

170 2531 173 2540 ¹
244 2546 336 2613 ficata
358 2550 415 2614 est.
452 2545 545 2614 Nunc
566 2550 673 2614 autem
695 2551 727 2614 et
748 2547 826 2614 illud
844 2546 1007 2633 jungimus
1031 2547 1113 2630 quod
1134 2545 1166 2611 in
1189 2529 1315 2613 centum
1336 2545 1449 2630 viginti
1571 2515 1572 2571 ἶ

244 2658 449 2724 duodenarius
482 2658 583 2725 decies
607 2659 833 2745 multiplicatus
857 2663 914 2725 est.
958 2656 1175 2724 Dnodenarius
1205 2674 1277 2722 voro
1299 2674 1449 2722 numerus

244 2770 318 2854 quid
340 2771 419 2836 sacri
441 2770 583 2855 mysterii
605 2771 762 2838 contineat
777 2769 1004 2837 ecclesiasticae
1018 2769 1142 2835 scholae
1158 2767 1323 2834 didascalis
1338 2771 1450 2834 notum
1570 2783 1571 2786 ’

245 2884 302 2948 est.
326 2881 436 2948 Sciunt
453 2882 540 2948 ¹euim
562 2882 648 2948 hunc
668 2901 834 2949 numerum
857 2881 1051 2968 expertibus
1074 2879 1254 2966 septenarii,
1275 2896 1355 2962 quae
1377 2881 1453 2944 suut

245 2992 305 3057 tria
327 2995 359 3057 et
379 2995 523 3076 quatuor,
547 2993 579 3058 in
601 3014 634 3060 se
657 2993 874 3079 multiplicatis
897 2992 1050 3072 construi,
1077 3010 1151 3057 nam
1173 2994 1221 3056 ter
1244 2992 1380 3074 quatuor
1401 2990 1451 3056 vel
1569 3033 1570 3064 1

245 3107 355 3188 quater
388 3104 448 3169 tria
478 3103 641 3170 duodecim
663 3104 792 3171 faciunt.
836 3104 877 3170 nt
900 3103 950 3170 cui
972 3123 1034 3169 non
1055 3104 1162 3189 palam
1191 3104 1240 3168 est
1260 3101 1293 3167 in
1314 3100 1449 3167 ternario

245 3213 328 3294 fidei,
345 3233 422 3300 quae
440 3213 472 3280 in
487 3219 629 3282 sanctam
643 3214 830 3279 Trinitatem
852 3217 910 3295 est,
932 3215 965 3279 in
988 3214 1185 3298 quaternario
1200 3233 1276 3279 vero
1292 3210 1450 3296 perfectae

246 3324 433 3411 operationis
456 3326 666 3392 commendari
682 3325 877 3410 mysterium,
900 3327 1049 3392 nimirum
1073 3328 1203 3412 propter
1224 3325 1357 3392 solidam
1380 3343 1451 3409 pen·

245 3435 411 3503 sectionem
432 3440 566 3522 quatuor
586 3436 737 3502 virtutum
760 3437 991 3504 cardinalium?
1013 3437 1054 3503 ut
1075 3438 1152 3504 haec
1174 3438 1235 3504 tria
1255 3440 1398 3506 videlicet
1420 3443 1452 3505 et

247 3550 380 3632 quatuor
411 3551 517 3633 partes
541 3547 709 3633 septenarii
731 3550 823 3628 suut,
858 3549 931 3633 quia
953 3549 1006 3634 qui
1027 3549 1099 3615 fidei
1121 3554 1246 3617 sanctae
1278 3551 1450 3637 perfectam

247 3659 456 3742 operationem
480 3658 588 3738 sociat,
622 3659 731 3742 utique
752 3663 859 3725 sancto
883 3659 1056 3743 septiformi
1090 3661 1214 3745 spiritui
1236 3662 1269 3727 in
1292 3681 1325 3728 se
1345 3663 1451 3727 locum

245 3766 344 3846 parat,
368 3762 457 3847 cujus
473 3763 526 3847 qui
542 3782 612 3830 vere
627 3782 756 3849 compos
773 3764 909 3830 extiterit
922 3764 962 3828 ad
978 3781 1082 3828 veram
1099 3762 1305 3830 sabbathismi
1328 3765 1448 3831 aeterni

247 3866 384 3950 requiem
406 3866 574 3952 perueniat,
598 3866 724 3951 insuper
747 3886 818 3934 vero
842 3871 873 3933 et
894 3867 926 3933 in
948 3865 1006 3933 hec
1028 3868 1093 3932 vita
1115 3867 1244 3934 feriatus
1267 3887 1287 3935 a
1308 3869 1392 3935 vitiis
1414 3869 1447 3934 in

247 3975 354 4037 sancto
389 3970 558 4054 sapientiae
592 3970 703 4054 spiritu
735 3972 901 4056 requiescit
933 3970 1042 4037 docilis
1075 3970 1224 4036 nimirum
1247 3971 1340 4057 hujus
1363 3971 1451 4040 verbi

246 4075 359 4154 factus,
373 4075 455 4159 quod
469 4073 538 4158 ipsa
549 4072 607 4139 Dei
622 4074 773 4158 sapientia
788 4076 903 4161 degens
918 4076 951 4141 in
965 4094 1057 4142 carne
1071 4075 1194 4142 elocuta
1209 4081 1273 4144 est:
1296 4077 1452 4157 discite,

248 4178 402 4265 inquiam,
444 4197 564 4258 ame,
607 4179 696 4262 quia
735 4181 842 4248 mitis
880 4200 965 4247 sum
998 4183 1034 4246 et
1061 4177 1230 4248 humilis
1264 4183 1382 4248 corde
1415 4185 1453 4249 et
1565 4227 1566 4260 ,

247 4283 459 4350 invenietis
482 4282 662 4371 requiem
684 4284 894 4352 animabus
917 4280 1102 4368 vestrim)
1135 4285 1353 4354 Duodenarius
1378 4305 1452 4354 vero

351 4447 369 4514 1)
390 4445 473 4500 neon.
494 4446 537 4502 11.
557 4446 602 4502 no.
