3158 5212
246 429 290 494 50

248 601 340 686 „quid
372 601 517 668 decernat
551 599 624 683 quid
653 617 789 666 consona
822 599 1001 665 sanctorum
1036 602 1161 682 patrum
1190 617 1265 666 voce
1289 597 1449 705 jndicet1)

250 714 421 797 „patienter
435 713 620 797 acquiescat.
643 711 709 776 Nos
731 715 836 776 tamen
858 729 920 776 non
941 710 1143 776 aestimamus
1167 727 1354 793 quemqnam
1371 709 1448 774 fide·

248 823 353 903 „lium‚
387 823 440 907 qui
463 823 671 890 ecclesiastica
693 824 812 888 statuta
834 821 963 902 noverit·
995 820 1054 886 hoc
1076 819 1307 900 emeretensi,
1329 822 1448 885 utnon

247 931 334 1012 „hoc
370 933 430 998 etsi
462 931 586 1018 publice
608 931 766 998 affirmare
786 950 848 997 non
871 933 999 1011 audeat,
1031 932 1080 996 vel
1108 930 1141 995 in
1165 930 1257 996 corde
1280 949 1336 997 sno
1363 933 1447 996 recte

157 1038 158 1042 ’
249 1042 389 1130 „lactum
412 1062 479 1109 esse
501 1043 670 1128 perhibeat.
707 1042 903 1125 Quamquam
928 1042 987 1107 etsi
1008 1060 1075 1122 nos,
1104 1041 1185 1124 quod
1207 1042 1294 1106 Dens
1315 1043 1447 1146 averrat,

247 1153 425 1232 „nonsatis
448 1155 537 1239 gravi
559 1155 596 1220 de
619 1173 713 1221 causa
738 1158 794 1220 ant
816 1154 919 1220 minus
943 1154 1081 1220 ordinate
1097 1172 1168 1219 eum
1184 1152 1364 1236 hujusmodi
1380 1152 1448 1218 vin·

247 1264 334 1342 „culo
355 1263 564 1348 ligaverimus,
594 1265 674 1331 sicut
705 1265 803 1331 sancti
825 1269 928 1348 patres
951 1266 1103 1344 esserunt,
1130 1282 1192 1329 non
1220 1263 1335 1332 idcirco
1359 1281 1446 1347 sper·

246 1374 365 1454 „nenda
383 1378 466 1442 esset
481 1376 634 1442 sententia
652 1377 706 1442 sed
726 1375 880 1442 absolutio
896 1375 1054 1442 communi
1070 1374 1248 1440 humilitate
1265 1373 1448 1456 quaerenda.

248 1484 331 1562 „Vos
350 1489 457 1551 autem
470 1485 672 1566 dilectissimi,
695 1487 748 1571 qui
766 1486 923 1571 justitiam
944 1487 1002 1554 Dei
1023 1505 1105 1552 nunc
1127 1505 1183 1570 pro
1205 1484 1291 1569 regia
1305 1483 1448 1568 indigna·

249 1595 360 1676 „tione
384 1615 466 1662 nnnc
477 1615 532 1680 pro
546 1597 648 1681 aliquo
663 1597 797 1681 periculo
811 1599 951 1664 deserere
964 1597 1116 1680 voluistis,
1131 1598 1310 1664 fatuitatem
1329 1614 1446 1675 eorum,

246 1707 319 1790 „qui
341 1708 378 1772 de
400 1707 590 1773 execratione
613 1710 644 1774 et
666 1709 826 1774 mendacio
849 1707 1114 1775 annuntiabuntur
1135 1706 1447 1774 inconsummatione

246 1815 530 1901 „parvipendentes
554 1817 684 1884 viriliter
706 1821 787 1885 state
810 1822 842 1884 et
865 1819 1084 1884 confortamini
1101 1819 1134 1884 in
1145 1819 1289 1898 Domine,
1313 1817 1446 1883 scientes

247 1927 346 2011 „quod
378 1927 464 1993 illius
497 1930 618 2012 partem
651 1927 815 1995 defenditis
850 1930 902 2012 qui
934 1929 1153 2013 insuperabilis
1183 1948 1235 1995 rex
1266 1930 1297 1994 et
1325 1944 1447 2009 semper

245 2037 448 2120 „magnificus
470 2038 678 2122 triumphator
695 2039 892 2122 judicaturus
916 2044 965 2106 est
987 2039 1073 2106 vivos
1097 2044 1127 2106 et
1146 2041 1287 2104 mortuos
1310 2036 1442 2102 reddens

245 2147 429 2232 „unicuique
451 2150 621 2215 secundom
642 2168 719 2233 opus
743 2170 844 2215 suum.
866 2151 913 2216 De
935 2149 1023 2234 cujus
1044 2150 1231 2216 multimoda
1243 2146 1445 2214 retributione

245 2260 295 2336 „et
316 2275 371 2323 vos
396 2259 472 2324 certi
494 2277 561 2324 esse
582 2259 724 2344 poteritis
747 2260 775 2325 si
796 2279 894 2343 usque
916 2261 949 2326 in
970 2260 1193 2326 finem'fideles
1216 2262 1248 2324 et
1268 2253 1445 2323 inconcussi

246 2367 296 2446 „in
324 2367 390 2452 ejus
416 2368 548 2434 veritate
575 2369 783 2453 perstiteritis.
827 2371 959 2456 Propter
982 2372 1066 2459 quod
1095 2374 1126 2436 et
1162 2388 1218 2436 nos
1252 2369 1444 2435 incessanter

246 2496 412 2563 „rogamus
435 2475 537 2545 Deum
558 2499 614 2565 pro
636 2481 735 2562 vobis,
765 2486 801 2550 ut
824 2484 876 2549 det
896 2482 984 2548 vobis
1006 2483 1154 2564 virtutem
1177 2478 1370 2548 corroborari
1390 2497 1445 2562 per

245 2587 416 2673 „Spiritum
438 2593 583 2656 sanctum
604 2592 636 2656 in
657 2593 783 2659 nomine
805 2592 872 2678 ejus
895 2597 927 2660 et
942 2596 1102 2660 convertat
1117 2583 1171 2660 cor
1186 2592 1269 2677 regis
1285 2591 1325 2656 ad
1339 2588 1447 2673 poeni·

245 2698 404 2780 „tentiam
427 2705 463 2766 ut
485 2705 516 2767 et
536 2701 604 2786 ipse
624 2704 789 2788 aliqnando
813 2708 983 2790 cognoscat
1003 2723 1060 2772 nos
1084 2709 1114 2770 el
1136 2723 1192 2770 vos
1215 2703 1315 2769 multo
1339 2699 1441 2766 verius

246 2827 369 2888 „amare
387 2831 459 2876 enm
477 2831 571 2896 quam
587 2815 639 2898 qui
656 2835 738 2883 nuno
754 2816 819 2882 suis
832 2816 1048 2900 iniquitatibus
1062 2815 1275 2899 obsequuntur
1286 2815 1317 2878 et
1329 2811 1444 2876 lavent.

246 2921 325 3002 „Qui
348 2922 375 2986 si
396 2922 462 2987 Deo
500 2923 669 3007 inspirante
696 2927 829 2991 voluerit
857 2927 1036 3010 resipiscere
1062 2925 1213 3010 quidquid
1251 2925 1359 2990 conda
1387 2939 1444 2987 nos

247 3030 452 3109 ,moliebatur
480 3050 601 3117 semper
630 3039 736 3102 tamen
764 3055 821 3102 nos
850 3039 890 3102 ad
918 3038 1130 3123 recipiendum
1158 3057 1230 3102 eum
1250 3036 1283 3100 in
1305 3036 1446 3100 sanemm

247 3142 524 3226 „communionem
554 3149 647 3229 prout
673 3151 777 3214 vestra
803 3146 893 3214 nobis
923 3149 1058 3216 charites
1081 3146 1284 3229 consuluerit,
1316 3147 1444 3232 paratos

248 3251 429 3330 „inveniet.“

345 3365 395 3430 lte
417 3363 557 3430 modeste
579 3366 674 3433 simul
697 3373 727 3435 et
743 3373 867 3436 strenue
882 3369 1051 3454 Gregorius
1067 3369 1130 3435 Vll
1147 3367 1248 3434 officio
1265 3386 1321 3433 suo
1337 3368 1445 3433 contra

244 3475 384 3540 Heinrici
407 3475 509 3560 quarti
528 3477 715 3561 pravitatem
746 3499 821 3546 usus
845 3484 902 3561 est,
935 3480 1194 3564 quemadmodum
1224 3476 1356 3564 epistola
1378 3475 1445 3560 ejus

247 3584 442 3670 apologetica
469 3588 664 3673 praescripta
686 3588 785 3656 docet.
819 3589 1087 3671 Quemadmodum
1113 3606 1186 3654 vero
1215 3588 1254 3653 de
1284 3586 1445 3651 Pharaone

248 3695 401 3779 seriptum
427 3700 530 3782 estu:
553 3698 739 3782 quoniam
766 3699 998 3765 induratum
1025 3703 1088 3766 est
1114 3719 1182 3768 cor
1211 3697 1298 3782 ejus
1329 3697 1361 3762 et
1383 3694 1445 3761 alia

247 3805 402 3890 scriptura
424 3808 501 3874 dicit
515 3811 552 3876 de
568 3809 751 3876 leviathan:
775 3830 840 3877 cor
862 3810 947 3894 ejus
969 3811 1180 3876 induratur
1203 3807 1318 3894 quasi
1340 3806 1446 3892 lapis

247 3918 287 3981 et
319 3917 548 4003 stringitur
580 3921 690 4003 quasi
726 3921 982 3988 malleatoris
1018 3923 1133 3988 incus
1171 3923 1209 3987 et
1247 3919 1338 4004 quia
1373 3935 1448 3982 non

146 4039 155 4060 ⁸
246 4023 410 4112 fugabit
440 4047 524 4096 enm
553 4031 614 4097 vir
641 4033 897 4118 sagittarius,
928 4033 967 4099 in
990 4033 1191 4120 stipulam
1219 4029 1326 4098 versi
1349 4029 1448 4096 sunt

246 4137 282 4206 ei
303 4140 465 4226 lapidee
487 4142 674 4227 fundae³):
692 4143 737 4211 ita
759 4147 791 4210 et
804 4144 856 4212 ille
875 4144 965 4212 lortis
988 4143 1157 4226 Phaeacas,
1179 4145 1216 4211 ut
1230 4141 1441 4228 corriperetur

350 4344 368 4415 ¹)
388 4347 446 4403 aod.
466 4349 641 4404 videlicet.

348 4443 368 4514 ⁹)
388 4446 472 4501 Exod.
493 4447 519 4502 4.
540 4447 583 4502 21.
603 4449 628 4502 8.
650 4449 693 4504 19.

347 4545 369 4611 ⁸)
390 4543 438 4597 lob
458 4544 502 4600 41.
523 4544 566 4600 15.
