3168 5190
266 403 330 470 240

265 574 382 640 entiam
403 569 467 640 Job
481 587 500 636 a
515 569 649 640 Domino
672 569 828 635 admissus
848 573 905 636 est.
928 569 1052 635 Talium
1074 588 1197 654 quoquc
1219 588 1300 636 unus
1323 571 1464 654 apostolo

263 683 465 771 paedagogus
481 687 513 750 et
526 681 712 748 humilitatis
728 684 834 748 custos
849 663 940 747 datus
963 683 1021 762 est,
1043 700 1092 762 ne,
1104 684 1140 747 nt
1161 683 1228 767 ipse
1239 680 1365 763 fatetur,
1385 701 1468 769 mag-

264 794 374 861 nitudo
397 812 469 860 sum
489 793 713 860 revelationum
735 792 904 858 extolleret.
931 791 983 857 'Et
1001 793 1080 858 tales
1104 792 1228 876 quidem
1249 809 1386 878 nequam
1408 793 1470 878 spi·

265 904 346 971 ritus
368 903 434 970 siue
455 921 474 969 a
496 904 631 970 Domino
663 905 729 971 eive
757 905 798 970 ab
820 902 939 988 angelis
961 901 1201 989 perfectioribus
1224 904 1264 970 ad
1285 903 1470 970 tentandum

266 1018 391 1082 sanctos
403 1012 533 1081 admissi
556 1017 707 1099 quantum
728 1016 761 1080 in
782 1015 858 1099 ipeis
875 1017 926 1110 est
947 1033 1058 1081 nocere
1079 1014 1245 1080 intendunt
1266 1015 1321 1081 sed
1341 1033 1398 1098 per
1419 1033 1470 1080 ecs

264 1127 382 1193 inuitos
403 1129 584 1193 sanctorum
604 1126 755 1212 patientia
773 1110 936 1193 exercetur
954 1129 986 1192 et
1005 1105 1178 1192 fabricatur
1198 1144 1321 1192 corona.
1358 1127 1469 1209 Itaque

265 1256 329 1305 non
349 1236 429 1323 ipeie
461 1235 672 1321 perfectorum
704 1256 818 1305 nomen
851 1237 996 1304 conuenit
1018 1238 1072 1303 sed
1094 1237 1138 1303 eis
1160 1237 1276 1322 potius,
1310 1237 1363 1322 qui
1395 1235 1470 1320 ipsis

266 1349 353 1416 uelut
375 1346 561 1431 quibusdem
590 1348 713 1415 melleis
735 1350 775 1414 ad
796 1349 1010 1416 fabricandam
1043 1349 1075 1413 in
1109 1349 1226 1415 sanctis
1248 1347 1418 1433 patientiae
1440 1351 1471 1414 ct

266 1459 452 1526 humilitatis
476 1477 624 1526 coronam
645 1461 791 1525 utuntur.
834 1457 919 1524 Nam
940 1457 1000 1542 ipsi
1022 1476 1079 1544 pro
1102 1475 1177 1524 snae
1198 1457 1405 1543 malignitatis
1426 1458 1472 1524 in·

268 1571 405 1638 tentione
438 1570 540 1654 angeli
568 1569 674 1655 potius
698 1569 825 1634 satanae
845 1571 879 1634 et
898 1585 1033 1653 nequem
1067 1567 1198 1654 spiritus
1221 1569 1366 1635 censendi
1388 1571 1470 1635 sunt

269 1681 393 1749 Sanctis
414 1679 512 1765 igitur
533 1680 652 1764 angelis
674 1678 708 1744 in
730 1679 881 1746 charitate
903 1683 936 1745 et
956 1679 1134 1746 humilitate
1156 1699 1193 1746 ex
1213 1683 1362 1766 paternae
1376 1679 1473 1764 maje-

270 1793 361 1861 statis
396 1791 656 1875 contemplatione
688 1790 913 1857 consummatis
934 1790 995 1857 hoc
1016 1809 1131 1857 nomen
1163 1791 1337 1877 repositum
1369 1794 1420 1858 est
1440 1795 1474 1858 ut

269 1903 457 1989 perfectores
478 1902 694 1982 nominentur;
725 1902 865 1986 qualium
887 1920 969 1967 unus
990 1903 1040 1968 vel
1060 1903 1246 1990 praecipuus
1270 1905 1318 1969 est
1339 1903 1473 1970 Michael

268 2015 413 2101 princeps
436 2014 546 2102 populi
567 2012 635 2080 Del.
657 2012 758 2095 Quem
779 2032 816 2080 ox
837 2031 873 2078 eo
895 2011 1082 2080 humilitatis
1099 2017 1130 2079 ct
1145 2013 1306 2081 charitatis
1329 2032 1475 2082 consum·

269 2126 401 2192 mandas
432 2128 482 2193 rel
513 2126 740 2193 conservandae
773 2124 863 2208 quasi
895 2123 1058 2208 cujusdam
1089 2126 1227 2212 paradisi
1260 2129 1474 2212 praepositum
1567 2197 1568 2206 ,

268 2236 477 2323 agnoscimus,
511 2239 594 2323 quod
613 2237 682 2320 ipso
704 2241 798 2321 atque
820 2237 939 2322 angelis
968 2236 1035 2321 ejus
1058 2235 1285 2321 proeliantibus
1308 2239 1403 2304 draco
1425 2239 1476 2304 ille

270 2351 308 2418 do
330 2351 414 2418 coelo
447 2348 605 2437 projectus
635 2349 693 2427 est,
728 2349 783 2432 qui
803 2347 924 2433 primus
947 2349 980 2413 in
1002 2349 1087 2415 coelo
1121 2348 1274 2414 altissimo
1309 2349 1474 2416 assimilari
1567 2371 1568 2396 ¹

269 2461 487 2545 praesumpsit,
511 2461 621 2528 deinde
642 2460 676 2526 in
698 2458 835 2526 delubris
857 2477 982 2543 quoque
1003 2460 1146 2545 gentium
1166 2477 1318 2546 responsa
1339 2462 1471 2528 reddens

270 2573 411 2640 deinum
440 2571 500 2638 sibi
532 2570 683 2639 honorem
704 2588 723 2636 a
746 2570 883 2654 deceptis
917 2569 1095 2638 hominibus
1121 2572 1240 2656 ·enegit,
1277 2571 1361 2657 quod
1394 2572 1470 2638 item

270 2685 456 2768 cooperante
473 2682 598 2766 procliis
614 2685 791 2766 martyrum
805 2680 958 2746 Michaelc
981 2680 1152 2748 divinitatis
1174 2686 1342 2767 usmpatae
1363 2702 1476 2750 nomen
1567 2703 1568 2762 u

140 2815 143 2820 ’
271 2794 363 2860 draco
384 2792 468 2858 idem
489 2792 642 2879 superbus
676 2791 783 2858 amisit
803 2794 836 2858 et
858 2792 910 2876 qui
933 2791 1103 2875 putabatur
1135 2793 1210 2860 dene
1244 2792 1385 2861 diabolus
1410 2813 1477 2862 sese

272 2905 397 2991 agnitus
420 2906 477 2970 est.
518 2905 630 2987 Itaque
651 2902 787 2970 ltdiohael
808 2900 891 2968 sicut
904 2902 1067 2987 superbiae
1082 2907 1190 2970 contra
1203 2904 1307 2972 Deum
1328 2906 1477 2974 tumentis
1567 2911 1568 2984 g

273 3015 423 3101 probatur
455 3013 616 3081 inimicus:
645 3015 690 3081 ita
711 3012 897 3080 humilitatIs
928 3013 1030 3080 Deum
1062 3015 1265 3101 glorificantis
1295 3017 1415 3084 amicus
1448 3022 1478 3085 et
1567 3033 1568 3102 j

274 3129 380 3192 custos
404 3127 435 3190 et
458 3143 494 3191 er
515 3123 619 3190 officio
640 3124 795 3208 perfector
816 3125 1029 3208 agnoscendus
1049 3129 1110 3206 est,
1133 3145 1196 3194 non
1219 3127 1300 3210 quod
1323 3127 1393 3214 ipse
1416 3127 1476 3195 hu·
1567 3121 1568 3180 ἰ

274 3238 440 3304 militatem
473 3237 522 3302 vel
544 3235 726 3302 charitatem
748 3236 788 3301 ad
811 3237 913 3302 Deum
947 3235 1091 3304 cordibus
1124 3237 1278 3314 infundat,
1312 3237 1372 3304 hoc
1394 3238 1476 3304 onim

275 3349 373 3417 solius
394 3348 454 3414 Dei
476 3349 533 3427 est,
555 3349 610 3414 sed
631 3350 715 3431 quod
735 3347 901 3416 humilium
931 3367 964 3413 se
986 3347 1148 3414 custodem
1170 3349 1202 3414 et
1223 3347 1361 3415 amicum
1383 3347 1475 3416 lami·

274 3459 384 3527 tiarem
406 3459 557 3528 exhibeat.
601 3457 740 3526 Possunt
762 3463 867 3526 tamen
890 3459 989 3526 sancti
1018 3459 1121 3544 angeli
1142 3459 1276 3526 humiles
1298 3463 1331 3525 et
1353 3465 1477 3528 sanctus
1567 3495 1568 3498 ¹

276 3571 480 3658 cogitationes
502 3572 664 3640 animabus
687 3571 880 3656 perficiendis
903 3589 1087 3656 suggerere,
1111 3569 1193 3636 sicut
1213 3569 1379 3638 daemones
1403 3591 1478 3656 quc·
1567 3627 1568 3630 ,

277 3699 336 3766 que
357 3683 456 3749 malas
479 3684 684 3770 cogitationes
695 3679 874 3766 immittere,
895 3684 950 3752 scd
964 3686 1001 3748 ut
1015 3683 1141 3749 caedem
1158 3682 1364 3767 cogitationes
1379 3682 1477 3752 bonae

277 3791 467 3879 recipiantur
488 3797 537 3863 rel
559 3797 659 3865 malae
688 3797 877 3882 repellentur
898 3794 995 3862 solius
1016 3793 1076 3860 Dei
1095 3795 1255 3878 praestare
1277 3795 1334 3860 est.

744 4048 854 4118 cap.
873 4047 1012 4108 XXV.

609 4167 729 4241 Nomen
749 4171 785 4240 et
805 4169 946 4241 cilicium
968 4169 1145 4240 llichaclie.

378 4357 448 4428 Hoc
465 4359 571 4426 autem
594 4361 626 4426 et
642 4375 756 4426 nomon
776 4358 880 4444 ipsum
894 4357 1059 4426 Michaelis
1080 4357 1197 4425 indicat
1218 4357 1302 4442 quod
1324 4355 1478 4444 interpro-

280 4472 366 4539 tatur
378 4468 475 4556 ,Quis
489 4472 527 4538 ut
540 4470 657 4553 Deus“,
680 4469 822 4538 uidelicet
842 4468 1030 4539 humititatis
1052 4467 1258 4556 perficiendae
1279 4467 1388 4554 ipsum
1410 4487 1479 4536 esso
