3158 5212
1314 429 1356 494 37

159 601 287 664 ventum
309 597 387 664 roris
411 597 547 680 flantem,
569 597 650 664 unde
673 599 705 664 et
726 599 800 684 post
821 597 979 664 fornacem
1000 597 1183 684 passionum
1198 597 1301 666 rivere
1323 619 1356 666 se

158 708 318 784 miraculis
340 708 555 793 multipliciter
575 709 740 794 protestati
762 713 845 790 sunt,
868 708 1069 776 daemonibus
1092 730 1128 775 ex
1150 709 1284 776 obsessis
1300 710 1358 775 ho·

159 820 295 887 minibus
318 822 358 886 ad
380 839 488 887 eorum
520 821 683 905 sepulchra
715 819 907 906 fugientibus
940 823 973 887 et
1005 819 1144 904 qualibet
1175 821 1357 888 infirmitate

159 933 292 998 detentis
317 933 562 999 consolationem
584 931 813 1016 recipientibus.

634 1321 744 1389 cap.
764 1320 882 1376 XIV.

240 1443 287 1510 Do
309 1441 485 1510 haereticis
507 1441 804 1511 rcaedffioationom
826 1442 984 1512 ecclesiae
1009 1441 1268 1531 impedientibus.

259 1628 379 1695 Deinde
402 1628 482 1712 Cyro
505 1629 672 1696 Persarum
705 1649 777 1715 rege
810 1630 1023 1713 captivitatem
1052 1631 1245 1698 Judaeomm
1276 1632 1358 1698 rela-

155 1743 257 1818 xante,
291 1741 445 1824 templum
479 1759 601 1824 quoque
636 1743 668 1806 et
689 1740 799 1806 civitas
821 1740 997 1808 Jerusalem
1030 1745 1066 1808 ut
1087 1740 1357 1808 reaedificarentur

154 1850 365 1935 permittente,
389 1850 527 1934 itemque
548 1851 643 1916 Dario
681 1855 713 1918 et
734 1852 913 1931 Artaxerxe,
948 1852 1116 1918 Persarum
1139 1855 1169 1918 et
1190 1851 1356 1938 Medorum

155 1959 283 2044 regibus
316 1961 400 2026 idem
431 1959 669 2027 concedentibus
704 1980 781 2046 opus
806 1963 859 2028 diu
881 1963 1014 2028 dilatum
1047 1972 1095 2029 eet
1115 1960 1355 2049 impedientibus

155 2072 306 2138 nimimm
327 2071 438 2138 vicinis
461 2073 535 2138 viris
558 2072 736 2155 potentibus
759 2092 874 2158 eosque
895 2074 928 2140 in
949 2091 1045 2140 manu
1067 2077 1099 2140 et
1120 2072 1230 2139 robore
1250 2069 1357 2156 prohi-

156 2182 314 2249 bentibus.
335 2183 497 2249 Interdum
536 2202 608 2252 roro
631 2195 662 2251 et
683 2184 715 2250 in
737 2185 808 2250 dolo
832 2184 926 2251 simul
948 2183 1111 2252 aedificare
1146 2184 1240 2250 iidem
1262 2181 1357 2248 vicini

155 2293 385 2377 promittebant
417 2293 471 2359 sed
494 2294 625 2361 admissi
646 2312 709 2360 non
731 2275 814 2376 sunt,
851 2299 960 2379 utpote
982 2295 1124 2362 homines
1146 2295 1264 2360 alienae
1284 2290 1357 2358 fidei

156 2409 251 2489 atque
273 2403 307 2468 in
328 2406 436 2472 multis
460 2406 657 2493 comprobati
678 2407 806 2475 inimici.
839 2407 885 2476 At
906 2427 977 2475 vero
1000 2405 1181 2486 zorobabel,
1214 2405 1276 2471 dux
1296 2402 1357 2469 flii·

157 2518 352 2598 orumJuda,
375 2517 581 2586 etNehomias
604 2521 747 2587 sacerdos
758 2519 941 2606 perstabant
961 2521 994 2586 in
1016 2538 1107 2604 opere
1118 2519 1215 2586 donec
1226 2518 1356 2584 eandem

156 2629 288 2696 domum
309 2631 368 2697 Dei
401 2632 441 2698 ad
462 2633 764 2700 consummationem
786 2633 1001 2719 perducerent.
1045 2633 1087 2697 Itt
1108 2631 1167 2696 hoo
1188 2628 1357 2697 aedificati·

157 2743 226 2807 onis
249 2746 372 2825 tempus
394 2761 450 2827 per
473 2743 677 2828 quadraginta
699 2747 731 2810 et
752 2764 805 2810 sex
826 2762 924 2846 annos
947 2744 1136 2828 protelatum
1147 2744 1196 2808 est
1208 2740 1357 2807 nimirum

158 2852 345 2919 adversariis
365 2853 433 2938 iam
455 2854 546 2921 dictis
569 2854 669 2921 eidem
691 2874 776 2941 operr
799 2854 1019 2922 obnitentibus.
1041 2853 1130 2920 Unde
1145 2850 1357 2921 Judaeioblo·

158 2969 289 3050 quantes
305 2965 455 3034 Domino:
479 2967 770 3052 quadraginta,
793 2967 947 3051 inquiunt,
971 2969 1003 3032 et
1024 2984 1088 3032 sex
1109 2964 1224 3031 annis
1245 2962 1357 3029 aedi·

158 3079 332 3144 tioatum
352 3082 413 3146 ost
434 3080 634 3164 templum
655 3079 731 3146 hoc
754 3083 791 3145 et
813 3077 868 3145 'du
889 3078 931 3144 in
953 3076 1087 3144 tribus
1121 3074 1266 3142 diebus
1289 3093 1357 3141 ex·

159 3189 315 3257 citabis
337 3192 497 3276 illudo)

263 3302 349 3385 Quae
371 3304 479 3389 utique
501 3309 643 3391 tempora
675 3302 871 3389 temporibus
904 3301 1079 3369 haeresium
1112 3299 1255 3366 videntur
1280 3294 1358 3362 mihi

159 3432 340 3499 congruere,
364 3417 485 3499 quando
508 3417 593 3502 regio
616 3415 750 3482 culmine
772 3413 812 3480 ad
833 3413 928 3480 fidem
949 3413 1111 3493 inclinato,
1134 3407 1255 3495 legibus
1279 3424 1356 3491 quo·

160 3544 220 3609 que
242 3525 333 3590 malis
366 3524 490 3607 ablatis,
523 3525 622 3592 bonae
653 3526 738 3612 leges
770 3545 828 3610 pro
865 3524 994 3594 ecelesia
1026 3525 1107 3590 latae
1140 3523 1224 3588 sunt.
1268 3517 1356 3586 Tunc

159 3636 244 3701 enim
265 3655 322 3722 por
343 3636 465 3718 Arium,
488 3635 659 3704 Sabellium
682 3641 714 3703 et
734 3638 905 3704 Photinum
926 3637 1065 3720 aliosque
1088 3652 1181 3719 qoam
1203 3632 1356 3720 plurimos

160 3745 304 3813 haereses
327 3747 465 3814 diuersae
498 3753 606 3815 contra
627 3749 789 3816 ecclesiam
811 3748 1016 3833 pullularunt,
1051 3746 1103 3829 qui
1121 3744 1188 3830 ejus
1211 3742 1358 3811 aedifica·

161 3856 280 3924 tionem
311 3858 514 3944 impedientes
550 3863 638 3927 tanto
672 3861 864 3927 nocentiores
895 3859 1001 3924 hostes
1034 3857 1208 3934 extiterant,
1241 3857 1357 3938 quanto

163 3969 251 4052 quasi
275 3988 291 4034 e
314 3970 412 4035 vicino
424 3968 602 4038 habitantes
623 3973 655 4037 in
678 3971 785 4037 multis
797 3969 960 4036 nobiscum
973 3972 1070 4036 erant.
1093 3966 1174 4050 Quin
1196 3969 1228 4033 et
1248 3983 1357 4051 regum

162 4079 284 4145 animos
319 4079 352 4143 in
384 4098 458 4146 suae
487 4084 701 4166 perversitatis
732 4083 846 4167 dogma
878 4081 1036 4148 trahentes
1067 4083 1174 4146 contra
1197 4072 1358 4142 ecelesiam

164 4189 371 4257 concitabant.
416 4189 505 4258 Unde
527 4193 737 4272 constantius,
771 4192 967 4259 Constantini
989 4189 1081 4269 fliius,
1112 4187 1212 4252 multa
1235 4183 1357 4250 Sanctis

165 4302 223 4370 Dei
244 4303 327 4368 maha
347 4303 463 4371 intulit.
487 4304 548 4372 Sed
570 4308 601 4370 et
620 4303 794 4372 Gothorum
825 4321 913 4386 reges
934 4299 1033 4367 anani
1056 4298 1170 4364 multas
1193 4299 1225 4362 et
1246 4311 1357 4380 gravm

296 4456 301 4460 .
312 4453 414 4460 ..--..—-

269 4523 288 4594 ¹)
307 4524 376 4578 donn.
399 4523 425 4578 2.
445 4519 488 4574 20.
