3168 5190
259 375 322 442 282

253 541 436 613 confitemur
469 567 505 613 ex
538 548 654 613 semiue
688 546 796 626 David,
830 563 901 611 cum
934 565 970 612 er
992 547 1154 613 nativitate
1178 547 1290 626 divina,
1325 546 1454 630 quade

253 656 371 740 Spiritu
395 662 501 723 sancto
534 677 588 740 per
610 656 761 741 virginem
782 658 815 721 in
837 659 947 722 natura
970 676 1093 741 quoque
1114 658 1286 723 divinitatis
1310 657 1362 738 sit,
1398 675 1452 723 sa·

253 769 403 854 crilegum
424 771 456 833 et
476 769 607 852 impium
634 767 811 852 judicamus
846 768 944 832 eidem
977 771 1051 852 post
1071 768 1244 834 nativitatis
1267 767 1390 834 divinae
1411 785 1454 832 ac

253 882 383 945 naturae
404 879 524 944 divinae
546 876 765 943 ex'natiritate
798 879 1025 944 confessionem
1056 897 1138 945 nunc
1159 879 1332 963 glorificato
1356 879 1453 944 etad

253 992 411 1055 dexteram
444 990 547 1055 Patris
580 990 712 1054 exaltato
747 989 917 1056 divinitatis
952 994 1099 1075 paternae
1132 991 1264 1074 gloriam
1286 990 1450 1074 abrogare.

253 1100 376 1164 Etenim
398 1100 549 1165 Dominus
572 1101 665 1167 Jesus
689 1120 760 1166 cum
782 1101 814 1164 iu
837 1101 1008 1166 divinitatis
1031 1105 1143 1166 natura
1164 1119 1183 1165 a
1205 1103 1335 1186 paterna
1356 1120 1451 1166 num·

254 1230 347 1296 quam
370 1212 532 1291 destiterit,
567 1215 602 1276 ut
631 1211 730 1276 cidem
752 1211 871 1276 formae
892 1213 1025 1296 gloriam
1060 1214 1142 1295 apud
1164 1213 1290 1278 Patrem
1312 1216 1454 1296 repetere

254 1327 308 1388 aut
330 1341 485 1388 resumere
507 1323 615 1406 possit,
649 1324 703 1386 sed
725 1323 884 1387 innostra
907 1323 1007 1387 forma
1029 1343 1091 1389 non
1114 1324 1214 1388 solum
1237 1341 1256 1387 a
1279 1323 1451 1407 semetipso

255 1435 308 1500 sed
331 1434 424 1499 etiam
446 1436 538 1518 paulo
572 1435 674 1499 minus
697 1432 736 1498 ab
759 1434 876 1517 angelis
899 1435 1073 1499 minoratus
1096 1435 1156 1518 sit,
1188 1435 1249 1500 nisi
1271 1435 1398 1500 violenti
1420 1439 1455 1500 et

255 1544 396 1628 sacrilegi
429 1529 652 1628 scripturarum
673 1545 857 1630 interpretes
878 1546 1049 1625 existimus
1089 1564 1211 1611 omnem
1235 1546 1454 1629 repetitionem

254 1658 285 1720 et
307 1655 549 1740 resumptionem
571 1655 689 1739 gloriae
710 1657 794 1741 apud
817 1656 943 1721 Patrem
965 1675 1027 1720 non
1049 1657 1171 1722 divinae
1192 1657 1225 1720 in
1248 1654 1371 1722 Christo
1396 1654 1453 1719 sed

253 1765 407 1831 hnmanae
437 1766 557 1831 formae
589 1765 828 1850 assignabimus.
873 1768 1052 1850 Quaerere
1076 1770 1155 1834 ratio
1178 1770 1270 1848 esset,
1303 1768 1340 1830 nt
1367 1765 1454 1831 idem

253 1877 406 1941 Dominus
428 1876 524 1944 Jesus
545 1877 577 1941 in
599 1879 697 1942 altera
717 1881 829 1942 natura
851 1878 990 1962 passioni
1006 1883 1037 1945 et
1052 1878 1258 1945 contumeliae
1278 1895 1336 1961 pro
1358 1875 1452 1941 nobis

254 1987 477 2068 succumberet,
511 1989 543 2053 in
565 1988 662 2053 altera
684 1987 816 2072 gloriam
849 2007 903 2072 per
937 1990 1114 2074 passionem
1136 1988 1343 2073 conquisitam
1363 2005 1455 2053 resu-

253 2100 375 2164 meret?
404 2098 465 2165 Sed
485 2099 624 2184 aequitas
643 2099 753 2183 judicii
768 2100 906 2182 postulat
928 2100 957 2165 ei
977 2103 1107 2166 naturae
1128 2099 1161 2165 in
1183 2099 1307 2167 cuncto
1329 2097 1452 2182 acquiri

253 2211 405 2276 honorem
436 2211 607 2276 divininatis
630 2213 661 2276 et
683 2211 825 2294 gloriam,
862 2228 939 2294 qnae
961 2231 1018 2296 per
1039 2210 1193 2296 passionis
1228 2208 1452 2276 contumeliam

253 2322 387 2387 contrita
409 2326 458 2387 est
479 2325 510 2387 et
531 2319 678 2405 injuriata
698 2325 755 2389 est.
778 2324 846 2391 Hoc
861 2328 976 2404 aulem,
1001 2343 1072 2389 cnm
1089 2322 1287 2408 ratiojudicii
1301 2322 1452 2408 postulet,

254 2433 346 2498 etiam
369 2433 474 2518 magni
496 2437 599 2518 patres
623 2434 737 2500 sentire
755 2439 849 2520 atque
872 2455 1009 2502 asserere
1030 2454 1093 2501 non
1115 2433 1345 2500 dubitavemnt.
1368 2433 1452 2498 Hinc

253 2544 315 2610 Leo
337 2561 421 2629 papa
452 2544 485 2608 in
520 2563 660 2610 sermone
697 2547 735 2611 de
770 2547 948 2613 ascensione
971 2546 1114 2612 Domini:
1161 2547 1306 2626 „Revera
1339 2544 1451 2629 iuquit,

253 2660 418 2742 magnaei
439 2653 604 2722 ineffabilis
628 2675 721 2724 causa
743 2663 810 2724 crat
830 2659 966 2725 laetandi
990 2676 1062 2723 cum
1083 2657 1116 2722 in
1139 2660 1309 2742 conspectu
1325 2659 1452 2722 sanctae

254 2767 461 2833 multitudinis
480 2783 574 2852 supra
595 2787 720 2834 omnem
749 2773 960 2836 creaturarum
983 2769 1164 2835 coelestium
1186 2768 1373 2852 dignitatem
1393 2768 1453 2833 hu·

253 2878 338 2942 mani
359 2878 479 2962 generis
502 2882 613 2944 natura
637 2881 854 2947 conscenderet
886 2898 1125 2966 supergressura
1146 2879 1302 2963 angelicos
1326 2879 1449 2945 ordines

255 2992 285 3054 ct
303 2991 386 3054 ultra
407 2989 665 3073 archangelorum
697 2991 876 3057 altitudines
900 2992 1045 3056 elevanda
1075 3009 1132 3057 nec
1153 2991 1224 3056 ullis
1248 2989 1452 3056 sublimitati·

254 3099 311 3164 bns
334 3099 461 3164 modum
484 3118 558 3166 snae
579 3103 787 3184 provectionis
809 3101 955 3167 habitura
978 3103 1038 3167 nisi
1059 3104 1175 3168 aeterni
1198 3102 1301 3168 Patris
1324 3105 1452 3187 recepta

254 3229 403 3277 concessu
423 3211 490 3295 ejus
512 3211 628 3295 gloriae
661 3212 830 3278 sociaretur
852 3213 884 3277 in
906 3212 1027 3293 throno,
1062 3212 1151 3297 cujus
1173 3217 1302 3278 naturae
1323 3214 1453 3298 copula·

253 3321 346 3388 batur
366 3323 399 3388 in
421 3322 560 3410 Filio.“¹)
604 3324 644 3388 m
666 3324 739 3408 qnid
761 3323 886 3403 mirum,
922 3325 949 3389 si
977 3323 1067 3408 juxta
1099 3324 1210 3391 Leonis
1244 3323 1451 3390 assertionem

253 3435 346 3500 homo
367 3436 400 3501 in
422 3437 538 3521 gloriae
560 3437 620 3502 Dei
638 3435 863 3520 plenitudinem
885 3438 1028 3519 receptus
1052 3439 1108 3514 est,
1145 3436 1196 3519 qui
1219 3455 1254 3500 er
1275 3453 1389 3519 genere
1412 3452 1448 3500 ao

253 3547 427 3612 nativitatis
448 3550 559 3613 natura
592 3566 681 3614 uerus
704 3552 735 3614 et
756 3547 910 3632 perfectus
933 3548 1017 3614 Dens
1040 3549 1112 3612 est?
1155 3548 1225 3614 Hoc
1247 3546 1330 3612 enim
1353 3547 1450 3614 etiam

253 3657 356 3739 ipsum
389 3658 426 3723 de
455 3678 488 3724 se
520 3657 719 3744 profitentem
750 3658 966 3723 intellexerunt
996 3659 1123 3739 ludaei,
1158 3659 1242 3742 quod
1274 3657 1448 3742 intelligere

254 3767 365 3832 nolunt
408 3768 532 3851 quidam
565 3771 665 3834 nostri
693 3770 841 3852 temporis
877 3770 1054 3837 scholastici
1088 3770 1209 3836 discoli.
1255 3769 1338 3836 Nam
1376 3788 1446 3836 cum

254 3876 381 3942 dixisset
415 3878 567 3945 Dominus
604 3880 698 3946 Jesus
725 3880 761 3944 de
783 3879 893 3944 ovibus
917 3881 991 3960 suin,
1019 3880 1101 3965 quod
1137 3897 1226 3946 nemo
1265 3879 1366 3962 rapiet
1397 3895 1449 3946 aas

255 3989 293 4052 de
325 4007 421 4054 manu
443 3991 509 4075 ejus
543 3991 623 4057 sicut
645 4009 736 4056 nemo
759 3993 864 4073 potest
885 4009 991 4074 rapere
1013 3992 1052 4056 de
1074 4008 1169 4057 mann
1190 3989 1295 4056 Patris
1320 3989 1389 4074 ejus
1412 3993 1450 4057 et

255 4119 326 4186 ogo
350 4104 386 4166 et
406 4100 528 4166 Pater
560 4120 679 4167 unum
708 4098 886 4186 sumus,2)
909 4101 1144 4168 sustollentibus
1167 4102 1283 4185 lapides
1309 4099 1451 4180 ludaeis,

257 4271 330 4280 .-.-.

358 4360 378 4429 ¹)
401 4362 482 4420 Serm.
500 4361 515 4414 1
536 4363 570 4414 de
588 4378 639 4419 asc.
659 4365 731 4423 Dum.
750 4362 835 4416 Etiam
854 4362 880 4413 in
900 4361 1015 4414 Breviar.
1039 4360 1109 4413 Rom.
1128 4361 1156 4411 in
1176 4357 1241 4412 testo
1260 4372 1357 4411 amens.
1377 4357 1449 4412 Dour.

255 4463 315 4516 lect.
336 4459 369 4516 V.
390 4489 421 4501 -
445 4456 468 4530 ²)
487 4461 558 4516 loau.
579 4460 621 4518 10.
642 4462 686 4517 30.
