<?xml version="1.0" encoding="UTF-8"?>
<!DOCTYPE html PUBLIC "-//W3C//DTD XHTML 1.0 Transitional//EN"
    "http://www.w3.org/TR/xhtml1/DTD/xhtml1-transitional.dtd">
<html xmlns="http://www.w3.org/1999/xhtml" xml:lang="en" lang="en">
 <head>
  <title>
</title>
<meta http-equiv="Content-Type" content="text/html;charset=utf-8" />
  <meta name='ocr-system' content='tesseract 3.04.00' />
  <meta name='ocr-capabilities' content='ocr_page ocr_carea ocr_par ocr_line ocrx_word'/>
</head>
<body>
  <div class='ocr_page' id='page_1' title='image "./operahactenusin00schegoog_0342.png"; bbox 0 0 3168 5214; ppageno 0'>
   <div class='ocr_carea' id='block_1_1' title="bbox 1301 370 1365 440">
    <p class='ocr_par' dir='ltr' id='par_1_1' title="bbox 1301 370 1365 440">
     <span class='ocr_line' id='line_1_1' title="bbox 1301 370 1365 440; baseline -0.031 0"><span class='ocrx_word' id='word_1_1' title='bbox 1301 370 1365 440; x_wconf 79' lang='grc'>327</span> 
     </span>
    </p>
   </div>
   <div class='ocr_carea' id='block_1_2' title="bbox 130 543 1371 4311">
    <p class='ocr_par' dir='ltr' id='par_1_2' title="bbox 130 543 1370 2524">
     <span class='ocr_line' id='line_1_2' title="bbox 161 543 1367 634; baseline -0.007 -17"><span class='ocrx_word' id='word_1_2' title='bbox 161 550 241 617; x_wconf 93' lang='lat' dir='ltr'>hunt</span> <span class='ocrx_word' id='word_1_3' title='bbox 262 546 368 634; x_wconf 82' lang='lat' dir='ltr'>Moysi</span> <span class='ocrx_word' id='word_1_4' title='bbox 400 546 520 614; x_wconf 90' lang='lat' dir='ltr'>homiui</span> <span class='ocrx_word' id='word_1_5' title='bbox 541 545 600 612; x_wconf 90' lang='lat' dir='ltr'>Dei</span> <span class='ocrx_word' id='word_1_6' title='bbox 622 545 775 612; x_wconf 85' lang='lat' dir='ltr'>dicentes:</span> <span class='ocrx_word' id='word_1_7' title='bbox 807 563 901 611; x_wconf 89' lang='lat' dir='ltr'>uum</span> <span class='ocrx_word' id='word_1_8' title='bbox 932 562 1002 630; x_wconf 91' lang='lat' dir='ltr'>per</span> <span class='ocrx_word' id='word_1_9' title='bbox 1036 546 1167 611; x_wconf 89' lang='lat' dir='ltr'>solum</span> <span class='ocrx_word' id='word_1_10' title='bbox 1199 543 1367 628; x_wconf 81' lang='lat' dir='ltr'>Moysen</span> 
     </span>
     <span class='ocr_line' id='line_1_3' title="bbox 161 654 1368 738; baseline -0.007 -10"><span class='ocrx_word' id='word_1_11' title='bbox 161 663 326 728; x_wconf 89' lang='lat' dir='ltr'>locutus</span> <span class='ocrx_word' id='word_1_12' title='bbox 360 663 423 726; x_wconf 89' lang='lat' dir='ltr'>est</span> <span class='ocrx_word' id='word_1_13' title='bbox 444 659 656 738; x_wconf 83' lang='lat' dir='ltr'>Dominus,</span> <span class='ocrx_word' id='word_1_14' title='bbox 679 674 806 723; x_wconf 90' lang='lat' dir='ltr'>nonne</span> <span class='ocrx_word' id='word_1_15' title='bbox 840 657 880 721; x_wconf 92' lang='lat' dir='ltr'>et</span> <span class='ocrx_word' id='word_1_16' title='bbox 912 655 1026 723; x_wconf 90' lang='lat' dir='ltr'>nobis</span> <span class='ocrx_word' id='word_1_17' title='bbox 1058 658 1225 723; x_wconf 90' lang='lat' dir='ltr'>locutus</span> <span class='ocrx_word' id='word_1_18' title='bbox 1256 654 1368 738; x_wconf 87' lang='lat' dir='ltr'>est‚¹)</span> 
     </span>
     <span class='ocr_line' id='line_1_4' title="bbox 160 765 1366 852; baseline -0.006 -14"><span class='ocrx_word' id='word_1_19' title='bbox 160 773 246 838; x_wconf 89' lang='lat' dir='ltr'>illius</span> <span class='ocrx_word' id='word_1_20' title='bbox 266 771 395 838; x_wconf 85' lang='lat' dir='ltr'>visionis</span> <span class='ocrx_word' id='word_1_21' title='bbox 418 773 450 837; x_wconf 89' lang='lat' dir='ltr'>et</span> <span class='ocrx_word' id='word_1_22' title='bbox 470 769 676 851; x_wconf 90' lang='lat' dir='ltr'>revelationis,</span> <span class='ocrx_word' id='word_1_23' title='bbox 697 785 776 852; x_wconf 87' lang='lat' dir='ltr'>quae</span> <span class='ocrx_word' id='word_1_24' title='bbox 806 785 975 852; x_wconf 90' lang='lat' dir='ltr'>persensa</span> <span class='ocrx_word' id='word_1_25' title='bbox 997 785 1146 850; x_wconf 89' lang='lat' dir='ltr'>corporea</span> <span class='ocrx_word' id='word_1_26' title='bbox 1166 766 1232 832; x_wconf 91' lang='lat' dir='ltr'>sive</span> <span class='ocrx_word' id='word_1_27' title='bbox 1253 765 1366 851; x_wconf 82' lang='lat' dir='ltr'>imagi-</span> 
     </span>
     <span class='ocr_line' id='line_1_5' title="bbox 160 881 1366 966; baseline -0.003 -17"><span class='ocrx_word' id='word_1_28' title='bbox 160 884 249 949; x_wconf 88' lang='lat' dir='ltr'>naria</span> <span class='ocrx_word' id='word_1_29' title='bbox 281 883 440 966; x_wconf 85' lang='lat' dir='ltr'>peragitur</span> <span class='ocrx_word' id='word_1_30' title='bbox 473 898 611 966; x_wconf 89' lang='lat' dir='ltr'>quaeque</span> <span class='ocrx_word' id='word_1_31' title='bbox 643 881 838 946; x_wconf 85' lang='lat' dir='ltr'>extollentiae</span> <span class='ocrx_word' id='word_1_32' title='bbox 870 881 1053 964; x_wconf 88' lang='lat' dir='ltr'>plerumque</span> <span class='ocrx_word' id='word_1_33' title='bbox 1075 896 1169 945; x_wconf 89' lang='lat' dir='ltr'>causa</span> <span class='ocrx_word' id='word_1_34' title='bbox 1202 882 1275 964; x_wconf 50' lang='lat' dir='ltr'>est,</span> <span class='ocrx_word' id='word_1_35' title='bbox 1299 899 1366 945; x_wconf 89' lang='lat' dir='ltr'>rem</span> 
     </span>
     <span class='ocr_line' id='line_1_6' title="bbox 130 989 1364 1079; baseline -0.006 -17"><span class='ocrx_word' id='word_1_36' title='bbox 130 996 261 1062; x_wconf 66' lang='lat' dir='ltr'>xsimul</span> <span class='ocrx_word' id='word_1_37' title='bbox 281 997 313 1060; x_wconf 93' lang='lat' dir='ltr'>et</span> <span class='ocrx_word' id='word_1_38' title='bbox 334 993 469 1079; x_wconf 84' lang='lat' dir='ltr'>figuram</span> <span class='ocrx_word' id='word_1_39' title='bbox 499 993 531 1058; x_wconf 94' lang='lat' dir='ltr'>in</span> <span class='ocrx_word' id='word_1_40' title='bbox 565 1011 598 1058; x_wconf 90' lang='lat' dir='ltr'>se</span> <span class='ocrx_word' id='word_1_41' title='bbox 619 992 803 1075; x_wconf 90' lang='lat' dir='ltr'>praetulisse</span> <span class='ocrx_word' id='word_1_42' title='bbox 825 993 978 1057; x_wconf 89' lang='lat' dir='ltr'>videntur.</span> <span class='ocrx_word' id='word_1_43' title='bbox 1021 989 1113 1057; x_wconf 87' lang='lat' dir='ltr'>Unde</span> <span class='ocrx_word' id='word_1_44' title='bbox 1135 993 1167 1055; x_wconf 90' lang='lat' dir='ltr'>et</span> <span class='ocrx_word' id='word_1_45' title='bbox 1188 1007 1207 1055; x_wconf 92' lang='lat' dir='ltr'>a</span> <span class='ocrx_word' id='word_1_46' title='bbox 1229 989 1364 1057; x_wconf 90' lang='lat' dir='ltr'>Domino</span> 
     </span>
     <span class='ocr_line' id='line_1_7' title="bbox 164 1100 1368 1191; baseline -0.005 -17"><span class='ocrx_word' id='word_1_47' title='bbox 164 1107 317 1191; x_wconf 88' lang='lat' dir='ltr'>increpari</span> <span class='ocrx_word' id='word_1_48' title='bbox 332 1108 512 1172; x_wconf 85' lang='lat' dir='ltr'>meruerunt</span> <span class='ocrx_word' id='word_1_49' title='bbox 526 1104 662 1169; x_wconf 77' lang='lat' dir='ltr'>dissuis:</span> <span class='ocrx_word' id='word_1_50' title='bbox 684 1103 836 1169; x_wconf 84' lang='lat' dir='ltr'>Audite</span> <span class='ocrx_word' id='word_1_51' title='bbox 859 1120 1061 1169; x_wconf 77' lang='lat' dir='ltr'>sermones</span> <span class='ocrx_word' id='word_1_52' title='bbox 1085 1120 1198 1168; x_wconf 83' lang='lat' dir='ltr'>meos.</span> <span class='ocrx_word' id='word_1_53' title='bbox 1219 1100 1258 1168; x_wconf 86' lang='lat' dir='ltr'>Si</span> <span class='ocrx_word' id='word_1_54' title='bbox 1279 1102 1368 1187; x_wconf 92' lang='lat' dir='ltr'>quis</span> 
     </span>
     <span class='ocr_line' id='line_1_8' title="bbox 164 1211 1368 1300; baseline -0.002 -17"><span class='ocrx_word' id='word_1_55' title='bbox 164 1216 296 1283; x_wconf 85' lang='lat' dir='ltr'>fuerit</span> <span class='ocrx_word' id='word_1_56' title='bbox 317 1216 428 1282; x_wconf 91' lang='lat' dir='ltr'>inter</span> <span class='ocrx_word' id='word_1_57' title='bbox 449 1231 516 1279; x_wconf 92' lang='lat' dir='ltr'>vos</span> <span class='ocrx_word' id='word_1_58' title='bbox 531 1211 902 1297; x_wconf 89' lang='lat' dir='ltr'>prophetaDomini</span> <span class='ocrx_word' id='word_1_59' title='bbox 925 1214 966 1277; x_wconf 93' lang='lat' dir='ltr'>in</span> <span class='ocrx_word' id='word_1_60' title='bbox 988 1214 1151 1280; x_wconf 78' lang='lat' dir='ltr'>visione</span> <span class='ocrx_word' id='word_1_61' title='bbox 1171 1213 1368 1300; x_wconf 81' lang='lat' dir='ltr'>apparebo</span> 
     </span>
     <span class='ocr_line' id='line_1_9' title="bbox 167 1324 1368 1410; baseline -0.002 -16"><span class='ocrx_word' id='word_1_62' title='bbox 167 1328 201 1394; x_wconf 92' lang='lat' dir='ltr'>ei</span> <span class='ocrx_word' id='word_1_63' title='bbox 235 1329 302 1393; x_wconf 91' lang='lat' dir='ltr'>vel</span> <span class='ocrx_word' id='word_1_64' title='bbox 333 1346 403 1410; x_wconf 84' lang='lat' dir='ltr'>per</span> <span class='ocrx_word' id='word_1_65' title='bbox 436 1325 632 1391; x_wconf 89' lang='lat' dir='ltr'>somnium</span> <span class='ocrx_word' id='word_1_66' title='bbox 663 1325 806 1408; x_wconf 89' lang='lat' dir='ltr'>loquar</span> <span class='ocrx_word' id='word_1_67' title='bbox 839 1326 887 1390; x_wconf 89' lang='lat' dir='ltr'>ed</span> <span class='ocrx_word' id='word_1_68' title='bbox 919 1325 1046 1390; x_wconf 91' lang='lat' dir='ltr'>illum.</span> <span class='ocrx_word' id='word_1_69' title='bbox 1098 1324 1151 1390; x_wconf 90' lang='lat' dir='ltr'>At</span> <span class='ocrx_word' id='word_1_70' title='bbox 1172 1342 1246 1390; x_wconf 92' lang='lat' dir='ltr'>non</span> <span class='ocrx_word' id='word_1_71' title='bbox 1268 1326 1368 1393; x_wconf 83' lang='lat' dir='ltr'>talis</span> 
     </span>
     <span class='ocr_line' id='line_1_10' title="bbox 166 1434 1370 1522; baseline -0.005 -14"><span class='ocrx_word' id='word_1_72' title='bbox 166 1459 305 1508; x_wconf 89' lang='lat' dir='ltr'>servus</span> <span class='ocrx_word' id='word_1_73' title='bbox 327 1457 435 1505; x_wconf 88' lang='lat' dir='ltr'>mous</span> <span class='ocrx_word' id='word_1_74' title='bbox 454 1437 710 1522; x_wconf 83' lang='lat' dir='ltr'>Moyses‚qui</span> <span class='ocrx_word' id='word_1_75' title='bbox 731 1436 770 1501; x_wconf 90' lang='lat' dir='ltr'>in</span> <span class='ocrx_word' id='word_1_76' title='bbox 792 1436 896 1502; x_wconf 91' lang='lat' dir='ltr'>omni</span> <span class='ocrx_word' id='word_1_77' title='bbox 919 1437 1030 1501; x_wconf 90' lang='lat' dir='ltr'>domo</span> <span class='ocrx_word' id='word_1_78' title='bbox 1054 1453 1141 1501; x_wconf 89' lang='lat' dir='ltr'>mea</span> <span class='ocrx_word' id='word_1_79' title='bbox 1162 1434 1370 1503; x_wconf 88' lang='lat' dir='ltr'>fidelissi·</span> 
     </span>
     <span class='ocr_line' id='line_1_11' title="bbox 165 1546 1369 1646; baseline -0.005 -27"><span class='ocrx_word' id='word_1_80' title='bbox 165 1554 339 1646; x_wconf 17' lang='lat' dir='ltr'>mus—est.</span> <span class='ocrx_word' id='word_1_81' title='bbox 382 1550 456 1616; x_wconf 89' lang='lat' dir='ltr'>Orc</span> <span class='ocrx_word' id='word_1_82' title='bbox 478 1550 577 1616; x_wconf 91' lang='lat' dir='ltr'>enim</span> <span class='ocrx_word' id='word_1_83' title='bbox 610 1550 654 1614; x_wconf 88' lang='lat' dir='ltr'>ad</span> <span class='ocrx_word' id='word_1_84' title='bbox 677 1567 719 1614; x_wconf 90' lang='lat' dir='ltr'>os</span> <span class='ocrx_word' id='word_1_85' title='bbox 741 1551 880 1633; x_wconf 91' lang='lat' dir='ltr'>loquar</span> <span class='ocrx_word' id='word_1_86' title='bbox 913 1548 945 1614; x_wconf 93' lang='lat' dir='ltr'>ei</span> <span class='ocrx_word' id='word_1_87' title='bbox 967 1551 1008 1612; x_wconf 91' lang='lat' dir='ltr'>et</span> <span class='ocrx_word' id='word_1_88' title='bbox 1029 1548 1166 1631; x_wconf 88' lang='lat' dir='ltr'>palam</span> <span class='ocrx_word' id='word_1_89' title='bbox 1198 1564 1271 1611; x_wconf 93' lang='lat' dir='ltr'>non</span> <span class='ocrx_word' id='word_1_90' title='bbox 1302 1546 1369 1632; x_wconf 84' lang='lat' dir='ltr'>per</span> 
     </span>
     <span class='ocr_line' id='line_1_12' title="bbox 166 1657 1370 1746; baseline -0.003 -18"><span class='ocrx_word' id='word_1_91' title='bbox 166 1661 398 1746; x_wconf 84' lang='lat' dir='ltr'>aenigmata</span> <span class='ocrx_word' id='word_1_92' title='bbox 430 1665 469 1728; x_wconf 93' lang='lat' dir='ltr'>et</span> <span class='ocrx_word' id='word_1_93' title='bbox 497 1660 656 1746; x_wconf 85' lang='lat' dir='ltr'>figuras</span> <span class='ocrx_word' id='word_1_94' title='bbox 679 1660 889 1727; x_wconf 90' lang='lat' dir='ltr'>Dominum</span> <span class='ocrx_word' id='word_1_95' title='bbox 923 1659 1035 1725; x_wconf 89' lang='lat' dir='ltr'>videt.</span> <span class='ocrx_word' id='word_1_96' title='bbox 1080 1658 1209 1741; x_wconf 80' lang='lat' dir='ltr'>Quare</span> <span class='ocrx_word' id='word_1_97' title='bbox 1230 1657 1370 1743; x_wconf 85' lang='lat' dir='ltr'>igitur</span> 
     </span>
     <span class='ocr_line' id='line_1_13' title="bbox 164 1765 1366 1855; baseline -0.002 -17"><span class='ocrx_word' id='word_1_98' title='bbox 164 1791 236 1838; x_wconf 89' lang='lat' dir='ltr'>non</span> <span class='ocrx_word' id='word_1_99' title='bbox 269 1771 465 1839; x_wconf 80' lang='lat' dir='ltr'>timuistis</span> <span class='ocrx_word' id='word_1_100' title='bbox 500 1771 710 1838; x_wconf 82' lang='lat' dir='ltr'>detrahere</span> <span class='ocrx_word' id='word_1_101' title='bbox 744 1790 859 1838; x_wconf 88' lang='lat' dir='ltr'>servo</span> <span class='ocrx_word' id='word_1_102' title='bbox 893 1789 977 1836; x_wconf 89' lang='lat' dir='ltr'>meo</span> <span class='ocrx_word' id='word_1_103' title='bbox 1010 1765 1199 1855; x_wconf 67' lang='lat' dir='ltr'>Moysrrr)</span> <span class='ocrx_word' id='word_1_104' title='bbox 1244 1765 1366 1835; x_wconf 86' lang='lat' dir='ltr'>Sedet</span> 
     </span>
     <span class='ocr_line' id='line_1_14' title="bbox 165 1880 1369 1969; baseline -0.003 -20"><span class='ocrx_word' id='word_1_105' title='bbox 165 1883 268 1950; x_wconf 86' lang='lat' dir='ltr'>Maria</span> <span class='ocrx_word' id='word_1_106' title='bbox 299 1885 387 1969; x_wconf 88' lang='lat' dir='ltr'>lepra</span> <span class='ocrx_word' id='word_1_107' title='bbox 418 1882 545 1968; x_wconf 87' lang='lat' dir='ltr'>perlusa</span> <span class='ocrx_word' id='word_1_108' title='bbox 576 1887 633 1964; x_wconf 88' lang='lat' dir='ltr'>est,</span> <span class='ocrx_word' id='word_1_109' title='bbox 667 1882 775 1950; x_wconf 78' lang='lat' dir='ltr'>Aaron</span> <span class='ocrx_word' id='word_1_110' title='bbox 807 1900 879 1949; x_wconf 87' lang='lat' dir='ltr'>vero</span> <span class='ocrx_word' id='word_1_111' title='bbox 901 1899 958 1967; x_wconf 90' lang='lat' dir='ltr'>per</span> <span class='ocrx_word' id='word_1_112' title='bbox 979 1881 1102 1966; x_wconf 90' lang='lat' dir='ltr'>peccati</span> <span class='ocrx_word' id='word_1_113' title='bbox 1123 1880 1369 1966; x_wconf 78' lang='lat' dir='ltr'>recognitionem</span> 
     </span>
     <span class='ocr_line' id='line_1_15' title="bbox 164 1991 1367 2078; baseline -0.003 -18"><span class='ocrx_word' id='word_1_114' title='bbox 164 2012 298 2078; x_wconf 89' lang='lat' dir='ltr'>poenam</span> <span class='ocrx_word' id='word_1_115' title='bbox 319 1995 427 2062; x_wconf 89' lang='lat' dir='ltr'>evasit.</span> <span class='ocrx_word' id='word_1_116' title='bbox 458 1995 560 2077; x_wconf 84' lang='lat' dir='ltr'>Igitur</span> <span class='ocrx_word' id='word_1_117' title='bbox 582 1995 663 2060; x_wconf 88' lang='lat' dir='ltr'>sicut</span> <span class='ocrx_word' id='word_1_118' title='bbox 683 1994 730 2060; x_wconf 93' lang='lat' dir='ltr'>illi</span> <span class='ocrx_word' id='word_1_119' title='bbox 752 1995 813 2060; x_wconf 95' lang='lat' dir='ltr'>duo</span> <span class='ocrx_word' id='word_1_120' title='bbox 835 1993 918 2058; x_wconf 87' lang='lat' dir='ltr'>illius</span> <span class='ocrx_word' id='word_1_121' title='bbox 942 1991 1089 2072; x_wconf 84' lang='lat' dir='ltr'>theoriae,</span> <span class='ocrx_word' id='word_1_122' title='bbox 1103 2009 1182 2076; x_wconf 87' lang='lat' dir='ltr'>quae</span> <span class='ocrx_word' id='word_1_123' title='bbox 1203 2010 1260 2077; x_wconf 92' lang='lat' dir='ltr'>per</span> <span class='ocrx_word' id='word_1_124' title='bbox 1281 2010 1367 2058; x_wconf 90' lang='lat' dir='ltr'>scm·</span> 
     </span>
     <span class='ocr_line' id='line_1_16' title="bbox 165 2100 1369 2191; baseline -0.004 -19"><span class='ocrx_word' id='word_1_125' title='bbox 165 2107 253 2172; x_wconf 91' lang='lat' dir='ltr'>nium</span> <span class='ocrx_word' id='word_1_126' title='bbox 275 2116 307 2173; x_wconf 88' lang='lat' dir='ltr'>et</span> <span class='ocrx_word' id='word_1_127' title='bbox 329 2107 463 2174; x_wconf 81' lang='lat' dir='ltr'>visiones</span> <span class='ocrx_word' id='word_1_128' title='bbox 477 2106 515 2172; x_wconf 87' lang='lat' dir='ltr'>fit</span> <span class='ocrx_word' id='word_1_129' title='bbox 538 2122 677 2191; x_wconf 88' lang='lat' dir='ltr'>quaeque</span> <span class='ocrx_word' id='word_1_130' title='bbox 698 2103 894 2172; x_wconf 83' lang='lat' dir='ltr'>extollentiae</span> <span class='ocrx_word' id='word_1_131' title='bbox 916 2103 1017 2169; x_wconf 92' lang='lat' dir='ltr'>vicina</span> <span class='ocrx_word' id='word_1_132' title='bbox 1039 2105 1097 2183; x_wconf 90' lang='lat' dir='ltr'>est,</span> <span class='ocrx_word' id='word_1_133' title='bbox 1110 2120 1178 2168; x_wconf 92' lang='lat' dir='ltr'>rem</span> <span class='ocrx_word' id='word_1_134' title='bbox 1198 2100 1315 2186; x_wconf 89' lang='lat' dir='ltr'>pariter</span> <span class='ocrx_word' id='word_1_135' title='bbox 1337 2104 1369 2167; x_wconf 91' lang='lat' dir='ltr'>st</span> 
     </span>
     <span class='ocr_line' id='line_1_17' title="bbox 165 2213 1369 2302; baseline -0.002 -19"><span class='ocrx_word' id='word_1_136' title='bbox 165 2217 300 2284; x_wconf 83' lang='lat' dir='ltr'>formam</span> <span class='ocrx_word' id='word_1_137' title='bbox 322 2218 515 2302; x_wconf 83' lang='lat' dir='ltr'>praeferunt:</span> <span class='ocrx_word' id='word_1_138' title='bbox 531 2217 576 2282; x_wconf 93' lang='lat' dir='ltr'>ita</span> <span class='ocrx_word' id='word_1_139' title='bbox 598 2217 725 2302; x_wconf 87' lang='lat' dir='ltr'>Moyses</span> <span class='ocrx_word' id='word_1_140' title='bbox 748 2235 800 2282; x_wconf 93' lang='lat' dir='ltr'>ore</span> <span class='ocrx_word' id='word_1_141' title='bbox 822 2217 862 2282; x_wconf 89' lang='lat' dir='ltr'>ad</span> <span class='ocrx_word' id='word_1_142' title='bbox 885 2233 919 2281; x_wconf 82' lang='lat' dir='ltr'>or</span> <span class='ocrx_word' id='word_1_143' title='bbox 943 2232 1015 2279; x_wconf 90' lang='lat' dir='ltr'>cum</span> <span class='ocrx_word' id='word_1_144' title='bbox 1035 2214 1166 2297; x_wconf 82' lang='lat' dir='ltr'>loquens</span> <span class='ocrx_word' id='word_1_145' title='bbox 1187 2213 1272 2280; x_wconf 90' lang='lat' dir='ltr'>illius</span> <span class='ocrx_word' id='word_1_146' title='bbox 1295 2231 1369 2298; x_wconf 83' lang='lat' dir='ltr'>cog-</span> 
     </span>
     <span class='ocr_line' id='line_1_18' title="bbox 164 2323 1370 2414; baseline -0.004 -19"><span class='ocrx_word' id='word_1_147' title='bbox 164 2327 292 2396; x_wconf 91' lang='lat' dir='ltr'>nitionis</span> <span class='ocrx_word' id='word_1_148' title='bbox 314 2329 347 2394; x_wconf 91' lang='lat' dir='ltr'>in</span> <span class='ocrx_word' id='word_1_149' title='bbox 369 2349 403 2394; x_wconf 90' lang='lat' dir='ltr'>se</span> <span class='ocrx_word' id='word_1_150' title='bbox 425 2329 559 2414; x_wconf 84' lang='lat' dir='ltr'>liguram</span> <span class='ocrx_word' id='word_1_151' title='bbox 582 2328 729 2394; x_wconf 87' lang='lat' dir='ltr'>simulet</span> <span class='ocrx_word' id='word_1_152' title='bbox 752 2345 819 2393; x_wconf 89' lang='lat' dir='ltr'>rem</span> <span class='ocrx_word' id='word_1_153' title='bbox 841 2323 1053 2410; x_wconf 83' lang='lat' dir='ltr'>praelerebat,</span> <span class='ocrx_word' id='word_1_154' title='bbox 1077 2341 1156 2408; x_wconf 91' lang='lat' dir='ltr'>quae</span> <span class='ocrx_word' id='word_1_155' title='bbox 1178 2324 1211 2390; x_wconf 93' lang='lat' dir='ltr'>in</span> <span class='ocrx_word' id='word_1_156' title='bbox 1233 2324 1299 2391; x_wconf 90' lang='lat' dir='ltr'>solo</span> <span class='ocrx_word' id='word_1_157' title='bbox 1321 2323 1370 2390; x_wconf 91' lang='lat' dir='ltr'>in·</span> 
     </span>
     <span class='ocr_line' id='line_1_19' title="bbox 166 2435 1369 2524; baseline -0.002 -20"><span class='ocrx_word' id='word_1_158' title='bbox 166 2441 296 2506; x_wconf 90' lang='lat' dir='ltr'>tellectu</span> <span class='ocrx_word' id='word_1_159' title='bbox 310 2439 348 2504; x_wconf 88' lang='lat' dir='ltr'>dt</span> <span class='ocrx_word' id='word_1_160' title='bbox 363 2457 501 2524; x_wconf 88' lang='lat' dir='ltr'>quaeque</span> <span class='ocrx_word' id='word_1_161' title='bbox 522 2438 693 2504; x_wconf 88' lang='lat' dir='ltr'>visionibus</span> <span class='ocrx_word' id='word_1_162' title='bbox 716 2439 802 2504; x_wconf 91' lang='lat' dir='ltr'>tertii</span> <span class='ocrx_word' id='word_1_163' title='bbox 824 2437 902 2502; x_wconf 92' lang='lat' dir='ltr'>coeli</span> <span class='ocrx_word' id='word_1_164' title='bbox 918 2435 1145 2520; x_wconf 88' lang='lat' dir='ltr'>quodammodo</span> <span class='ocrx_word' id='word_1_165' title='bbox 1161 2438 1295 2520; x_wconf 83' lang='lat' dir='ltr'>cognata</span> <span class='ocrx_word' id='word_1_166' title='bbox 1310 2438 1369 2503; x_wconf 87' lang='lat' dir='ltr'>est.</span> 
     </span>
    </p>

    <p class='ocr_par' dir='ltr' id='par_1_3' title="bbox 163 2545 1371 4311">
     <span class='ocr_line' id='line_1_20' title="bbox 265 2545 1369 2632; baseline -0.002 -17"><span class='ocrx_word' id='word_1_167' title='bbox 265 2550 349 2616; x_wconf 88' lang='lat' dir='ltr'>Nam</span> <span class='ocrx_word' id='word_1_168' title='bbox 371 2552 446 2618; x_wconf 86' lang='lat' dir='ltr'>dnm</span> <span class='ocrx_word' id='word_1_169' title='bbox 466 2551 499 2616; x_wconf 92' lang='lat' dir='ltr'>in</span> <span class='ocrx_word' id='word_1_170' title='bbox 521 2549 664 2618; x_wconf 85' lang='lat' dir='ltr'>sensibus</span> <span class='ocrx_word' id='word_1_171' title='bbox 687 2547 826 2632; x_wconf 88' lang='lat' dir='ltr'>corporis</span> <span class='ocrx_word' id='word_1_172' title='bbox 847 2546 985 2612; x_wconf 88' lang='lat' dir='ltr'>theoriae</span> <span class='ocrx_word' id='word_1_173' title='bbox 996 2549 1143 2630; x_wconf 85' lang='lat' dir='ltr'>aguntur,</span> <span class='ocrx_word' id='word_1_174' title='bbox 1159 2545 1283 2611; x_wconf 89' lang='lat' dir='ltr'>etiamsi</span> <span class='ocrx_word' id='word_1_175' title='bbox 1297 2563 1369 2613; x_wconf 93' lang='lat' dir='ltr'>caro</span> 
     </span>
     <span class='ocr_line' id='line_1_21' title="bbox 166 2647 1370 2749; baseline -0.006 -21"><span class='ocrx_word' id='word_1_176' title='bbox 166 2662 376 2749; x_wconf 86' lang='lat' dir='ltr'>corruptibilis</span> <span class='ocrx_word' id='word_1_177' title='bbox 409 2663 526 2746; x_wconf 87' lang='lat' dir='ltr'>aliquid</span> <span class='ocrx_word' id='word_1_178' title='bbox 557 2662 589 2727; x_wconf 90' lang='lat' dir='ltr'>in</span> <span class='ocrx_word' id='word_1_179' title='bbox 613 2680 646 2726; x_wconf 87' lang='lat' dir='ltr'>se</span> <span class='ocrx_word' id='word_1_180' title='bbox 667 2660 849 2739; x_wconf 86' lang='lat' dir='ltr'>humanum,</span> <span class='ocrx_word' id='word_1_181' title='bbox 872 2658 955 2724; x_wconf 90' lang='lat' dir='ltr'>uude</span> <span class='ocrx_word' id='word_1_182' title='bbox 978 2657 1006 2722; x_wconf 93' lang='lat' dir='ltr'>ei</span> <span class='ocrx_word' id='word_1_183' title='bbox 1039 2647 1283 2723; x_wconf 91' lang='lat' dir='ltr'>erubescendum</span> <span class='ocrx_word' id='word_1_184' title='bbox 1315 2656 1370 2740; x_wconf 89' lang='lat' dir='ltr'>sit,</span> 
     </span>
     <span class='ocr_line' id='line_1_22' title="bbox 165 2767 1367 2860; baseline -0.007 -18"><span class='ocrx_word' id='word_1_185' title='bbox 165 2775 295 2860; x_wconf 89' lang='lat' dir='ltr'>patitur,</span> <span class='ocrx_word' id='word_1_186' title='bbox 329 2773 462 2840; x_wconf 84' lang='lat' dir='ltr'>affectus</span> <span class='ocrx_word' id='word_1_187' title='bbox 484 2777 603 2853; x_wconf 80' lang='lat' dir='ltr'>tamem</span> <span class='ocrx_word' id='word_1_188' title='bbox 632 2771 777 2856; x_wconf 88' lang='lat' dir='ltr'>quoniam</span> <span class='ocrx_word' id='word_1_189' title='bbox 796 2769 1007 2836; x_wconf 89' lang='lat' dir='ltr'>divinissimus</span> <span class='ocrx_word' id='word_1_190' title='bbox 1024 2770 1082 2848; x_wconf 89' lang='lat' dir='ltr'>est,</span> <span class='ocrx_word' id='word_1_191' title='bbox 1115 2767 1189 2834; x_wconf 88' lang='lat' dir='ltr'>licet</span> <span class='ocrx_word' id='word_1_192' title='bbox 1206 2767 1240 2834; x_wconf 95' lang='lat' dir='ltr'>in</span> <span class='ocrx_word' id='word_1_193' title='bbox 1261 2769 1367 2852; x_wconf 89' lang='lat' dir='ltr'>aliquo</span> 
     </span>
     <span class='ocr_line' id='line_1_23' title="bbox 165 2878 1370 2964; baseline -0.007 -9"><span class='ocrx_word' id='word_1_194' title='bbox 165 2886 312 2955; x_wconf 79' lang='lat' dir='ltr'>theoricis</span> <span class='ocrx_word' id='word_1_195' title='bbox 341 2886 404 2950; x_wconf 89' lang='lat' dir='ltr'>illis</span> <span class='ocrx_word' id='word_1_196' title='bbox 427 2883 683 2951; x_wconf 83' lang='lat' dir='ltr'>delectationibus</span> <span class='ocrx_word' id='word_1_197' title='bbox 706 2883 941 2962; x_wconf 88' lang='lat' dir='ltr'>condescendat,</span> <span class='ocrx_word' id='word_1_198' title='bbox 973 2881 1106 2964; x_wconf 90' lang='lat' dir='ltr'>quaein</span> <span class='ocrx_word' id='word_1_199' title='bbox 1129 2897 1220 2945; x_wconf 89' lang='lat' dir='ltr'>carne</span> <span class='ocrx_word' id='word_1_200' title='bbox 1242 2878 1370 2946; x_wconf 90' lang='lat' dir='ltr'>erubes-</span> 
     </span>
     <span class='ocr_line' id='line_1_24' title="bbox 166 2990 1371 3083; baseline -0.009 -17"><span class='ocrx_word' id='word_1_201' title='bbox 166 3001 280 3066; x_wconf 90' lang='lat' dir='ltr'>cendae</span> <span class='ocrx_word' id='word_1_202' title='bbox 301 3002 459 3083; x_wconf 83' lang='lat' dir='ltr'>putantur,</span> <span class='ocrx_word' id='word_1_203' title='bbox 483 2998 627 3082; x_wconf 88' lang='lat' dir='ltr'>propriae</span> <span class='ocrx_word' id='word_1_204' title='bbox 650 2999 756 3061; x_wconf 90' lang='lat' dir='ltr'>tamen</span> <span class='ocrx_word' id='word_1_205' title='bbox 784 2995 929 3078; x_wconf 90' lang='lat' dir='ltr'>puritatis</span> <span class='ocrx_word' id='word_1_206' title='bbox 951 2992 1050 3060; x_wconf 86' lang='lat' dir='ltr'>fretus</span> <span class='ocrx_word' id='word_1_207' title='bbox 1073 2991 1253 3060; x_wconf 86' lang='lat' dir='ltr'>testimonio</span> <span class='ocrx_word' id='word_1_208' title='bbox 1276 2990 1371 3056; x_wconf 90' lang='lat' dir='ltr'>simul</span> 
     </span>
     <span class='ocr_line' id='line_1_25' title="bbox 166 3103 1370 3194; baseline -0.007 -17"><span class='ocrx_word' id='word_1_209' title='bbox 166 3116 198 3177; x_wconf 89' lang='lat' dir='ltr'>et</span> <span class='ocrx_word' id='word_1_210' title='bbox 220 3110 406 3178; x_wconf 86' lang='lat' dir='ltr'>humilitatis</span> <span class='ocrx_word' id='word_1_211' title='bbox 429 3109 555 3194; x_wconf 89' lang='lat' dir='ltr'>adjutus</span> <span class='ocrx_word' id='word_1_212' title='bbox 579 3107 699 3189; x_wconf 86' lang='lat' dir='ltr'>merito,</span> <span class='ocrx_word' id='word_1_213' title='bbox 724 3125 786 3192; x_wconf 90' lang='lat' dir='ltr'>qua</span> <span class='ocrx_word' id='word_1_214' title='bbox 808 3109 849 3188; x_wconf 84' lang='lat' dir='ltr'>id,</span> <span class='ocrx_word' id='word_1_215' title='bbox 874 3108 956 3191; x_wconf 92' lang='lat' dir='ltr'>quod</span> <span class='ocrx_word' id='word_1_216' title='bbox 977 3107 1010 3172; x_wconf 92' lang='lat' dir='ltr'>in</span> <span class='ocrx_word' id='word_1_217' title='bbox 1033 3124 1090 3172; x_wconf 89' lang='lat' dir='ltr'>sua</span> <span class='ocrx_word' id='word_1_218' title='bbox 1112 3103 1370 3171; x_wconf 90' lang='lat' dir='ltr'>condescensione</span> 
     </span>
     <span class='ocr_line' id='line_1_26' title="bbox 164 3214 1370 3308; baseline -0.01 -18"><span class='ocrx_word' id='word_1_219' title='bbox 164 3222 319 3308; x_wconf 86' lang='lat' dir='ltr'>culpabile</span> <span class='ocrx_word' id='word_1_220' title='bbox 352 3221 412 3287; x_wconf 93' lang='lat' dir='ltr'>sibi</span> <span class='ocrx_word' id='word_1_221' title='bbox 432 3223 566 3304; x_wconf 84' lang='lat' dir='ltr'>reputat,</span> <span class='ocrx_word' id='word_1_222' title='bbox 579 3219 740 3285; x_wconf 89' lang='lat' dir='ltr'>humiliter</span> <span class='ocrx_word' id='word_1_223' title='bbox 768 3217 965 3303; x_wconf 85' lang='lat' dir='ltr'>recognoscit</span> <span class='ocrx_word' id='word_1_224' title='bbox 988 3221 1020 3283; x_wconf 92' lang='lat' dir='ltr'>et</span> <span class='ocrx_word' id='word_1_225' title='bbox 1041 3216 1217 3296; x_wconf 87' lang='lat' dir='ltr'>confitetur,</span> <span class='ocrx_word' id='word_1_226' title='bbox 1239 3214 1300 3294; x_wconf 87' lang='lat' dir='ltr'>hic,</span> <span class='ocrx_word' id='word_1_227' title='bbox 1321 3215 1370 3278; x_wconf 92' lang='lat' dir='ltr'>in·</span> 
     </span>
     <span class='ocr_line' id='line_1_27' title="bbox 167 3326 1369 3418; baseline -0.007 -20"><span class='ocrx_word' id='word_1_228' title='bbox 167 3350 280 3418; x_wconf 78' lang='lat' dir='ltr'>quam,</span> <span class='ocrx_word' id='word_1_229' title='bbox 313 3332 444 3400; x_wconf 86' lang='lat' dir='ltr'>affectus</span> <span class='ocrx_word' id='word_1_230' title='bbox 478 3353 551 3400; x_wconf 90' lang='lat' dir='ltr'>oum</span> <span class='ocrx_word' id='word_1_231' title='bbox 573 3331 681 3397; x_wconf 80' lang='lat' dir='ltr'>Aaron</span> <span class='ocrx_word' id='word_1_232' title='bbox 716 3333 821 3416; x_wconf 89' lang='lat' dir='ltr'>leprae</span> <span class='ocrx_word' id='word_1_233' title='bbox 842 3349 956 3415; x_wconf 87' lang='lat' dir='ltr'>poenas</span> <span class='ocrx_word' id='word_1_234' title='bbox 979 3328 1091 3396; x_wconf 85' lang='lat' dir='ltr'>evadit.</span> <span class='ocrx_word' id='word_1_235' title='bbox 1135 3326 1181 3392; x_wconf 90' lang='lat' dir='ltr'>At</span> <span class='ocrx_word' id='word_1_236' title='bbox 1202 3343 1274 3392; x_wconf 89' lang='lat' dir='ltr'>vero</span> <span class='ocrx_word' id='word_1_237' title='bbox 1297 3341 1369 3391; x_wconf 89' lang='lat' dir='ltr'>caro</span> 
     </span>
     <span class='ocr_line' id='line_1_28' title="bbox 166 3437 1369 3528; baseline -0.009 -15"><span class='ocrx_word' id='word_1_238' title='bbox 166 3447 251 3513; x_wconf 88' lang='lat' dir='ltr'>velut</span> <span class='ocrx_word' id='word_1_239' title='bbox 272 3445 371 3511; x_wconf 87' lang='lat' dir='ltr'>altera</span> <span class='ocrx_word' id='word_1_240' title='bbox 392 3445 494 3511; x_wconf 89' lang='lat' dir='ltr'>Maria</span> <span class='ocrx_word' id='word_1_241' title='bbox 515 3464 571 3528; x_wconf 88' lang='lat' dir='ltr'>pro</span> <span class='ocrx_word' id='word_1_242' title='bbox 595 3463 669 3511; x_wconf 86' lang='lat' dir='ltr'>snas</span> <span class='ocrx_word' id='word_1_243' title='bbox 688 3445 826 3511; x_wconf 90' lang='lat' dir='ltr'>levitatis</span> <span class='ocrx_word' id='word_1_244' title='bbox 843 3447 875 3509; x_wconf 88' lang='lat' dir='ltr'>ct</span> <span class='ocrx_word' id='word_1_245' title='bbox 890 3442 1033 3509; x_wconf 88' lang='lat' dir='ltr'>elationis</span> <span class='ocrx_word' id='word_1_246' title='bbox 1048 3437 1256 3506; x_wconf 88' lang='lat' dir='ltr'>irrationabili</span> <span class='ocrx_word' id='word_1_247' title='bbox 1279 3439 1369 3504; x_wconf 91' lang='lat' dir='ltr'>motu</span> 
     </span>
     <span class='ocr_line' id='line_1_29' title="bbox 163 3546 1367 3660; baseline -0.011 -36"><span class='ocrx_word' id='word_1_248' title='bbox 163 3558 259 3660; x_wconf 55' lang='lat' dir='ltr'>inter,</span> <span class='ocrx_word' id='word_1_249' title='bbox 275 3557 362 3642; x_wconf 91' lang='lat' dir='ltr'>ipsas</span> <span class='ocrx_word' id='word_1_250' title='bbox 396 3556 542 3638; x_wconf 87' lang='lat' dir='ltr'>theorias,</span> <span class='ocrx_word' id='word_1_251' title='bbox 565 3557 641 3622; x_wconf 91' lang='lat' dir='ltr'>dum</span> <span class='ocrx_word' id='word_1_252' title='bbox 662 3556 810 3623; x_wconf 91' lang='lat' dir='ltr'>revelatio</span> <span class='ocrx_word' id='word_1_253' title='bbox 832 3555 936 3621; x_wconf 90' lang='lat' dir='ltr'>illusio</span> <span class='ocrx_word' id='word_1_254' title='bbox 959 3556 1133 3639; x_wconf 88' lang='lat' dir='ltr'>reputatur,</span> <span class='ocrx_word' id='word_1_255' title='bbox 1156 3546 1367 3617; x_wconf 89' lang='lat' dir='ltr'>erubescenda</span> 
     </span>
     <span class='ocr_line' id='line_1_30' title="bbox 166 3656 1370 3752; baseline -0.009 -18"><span class='ocrx_word' id='word_1_256' title='bbox 166 3666 226 3734; x_wconf 92' lang='lat' dir='ltr'>sibi</span> <span class='ocrx_word' id='word_1_257' title='bbox 247 3667 405 3734; x_wconf 90' lang='lat' dir='ltr'>interdum</span> <span class='ocrx_word' id='word_1_258' title='bbox 435 3668 522 3752; x_wconf 89' lang='lat' dir='ltr'>lepra</span> <span class='ocrx_word' id='word_1_259' title='bbox 542 3668 665 3734; x_wconf 91' lang='lat' dir='ltr'>videtur</span> <span class='ocrx_word' id='word_1_260' title='bbox 683 3666 829 3752; x_wconf 85' lang='lat' dir='ltr'>perfusa,</span> <span class='ocrx_word' id='word_1_261' title='bbox 862 3666 908 3731; x_wconf 91' lang='lat' dir='ltr'>ita</span> <span class='ocrx_word' id='word_1_262' title='bbox 929 3667 966 3730; x_wconf 93' lang='lat' dir='ltr'>ut</span> <span class='ocrx_word' id='word_1_263' title='bbox 988 3683 1021 3730; x_wconf 90' lang='lat' dir='ltr'>se</span> <span class='ocrx_word' id='word_1_264' title='bbox 1043 3663 1176 3729; x_wconf 90' lang='lat' dir='ltr'>aliorum</span> <span class='ocrx_word' id='word_1_265' title='bbox 1198 3661 1264 3725; x_wconf 89' lang='lat' dir='ltr'>Deo</span> <span class='ocrx_word' id='word_1_266' title='bbox 1287 3656 1370 3724; x_wconf 90' lang='lat' dir='ltr'>mili·</span> 
     </span>
     <span class='ocr_line' id='line_1_31' title="bbox 164 3774 1369 3864; baseline -0.007 -18"><span class='ocrx_word' id='word_1_267' title='bbox 164 3780 300 3846; x_wconf 81' lang='lat' dir='ltr'>bantium</span> <span class='ocrx_word' id='word_1_268' title='bbox 322 3783 413 3847; x_wconf 89' lang='lat' dir='ltr'>coetu</span> <span class='ocrx_word' id='word_1_269' title='bbox 434 3778 605 3846; x_wconf 89' lang='lat' dir='ltr'>arbitretur</span> <span class='ocrx_word' id='word_1_270' title='bbox 625 3779 796 3864; x_wconf 88' lang='lat' dir='ltr'>indignam.</span> <span class='ocrx_word' id='word_1_271' title='bbox 828 3777 880 3844; x_wconf 84' lang='lat' dir='ltr'>Sic</span> <span class='ocrx_word' id='word_1_272' title='bbox 901 3780 933 3843; x_wconf 91' lang='lat' dir='ltr'>et</span> <span class='ocrx_word' id='word_1_273' title='bbox 953 3775 1115 3841; x_wconf 81' lang='lat' dir='ltr'>Abraham</span> <span class='ocrx_word' id='word_1_274' title='bbox 1137 3793 1211 3841; x_wconf 92' lang='lat' dir='ltr'>cum</span> <span class='ocrx_word' id='word_1_275' title='bbox 1232 3775 1299 3839; x_wconf 92' lang='lat' dir='ltr'>Deo</span> <span class='ocrx_word' id='word_1_276' title='bbox 1320 3774 1369 3839; x_wconf 94' lang='lat' dir='ltr'>lo·</span> 
     </span>
     <span class='ocr_line' id='line_1_32' title="bbox 166 3885 1370 3976; baseline -0.006 -20"><span class='ocrx_word' id='word_1_277' title='bbox 166 3894 289 3975; x_wconf 80' lang='lat' dir='ltr'>quante,</span> <span class='ocrx_word' id='word_1_278' title='bbox 322 3891 397 3956; x_wconf 92' lang='lat' dir='ltr'>dum</span> <span class='ocrx_word' id='word_1_279' title='bbox 429 3890 505 3958; x_wconf 82' lang='lat' dir='ltr'>Sara</span> <span class='ocrx_word' id='word_1_280' title='bbox 537 3892 587 3957; x_wconf 93' lang='lat' dir='ltr'>vel</span> <span class='ocrx_word' id='word_1_281' title='bbox 618 3890 862 3976; x_wconf 90' lang='lat' dir='ltr'>promissionum</span> <span class='ocrx_word' id='word_1_282' title='bbox 895 3887 1078 3954; x_wconf 87' lang='lat' dir='ltr'>coelestium</span> <span class='ocrx_word' id='word_1_283' title='bbox 1110 3885 1287 3952; x_wconf 87' lang='lat' dir='ltr'>diffidentia</span> <span class='ocrx_word' id='word_1_284' title='bbox 1320 3886 1370 3949; x_wconf 90' lang='lat' dir='ltr'>vel</span> 
     </span>
     <span class='ocr_line' id='line_1_33' title="bbox 164 3986 1368 4083; baseline -0.006 -15"><span class='ocrx_word' id='word_1_285' title='bbox 164 4001 310 4068; x_wconf 92' lang='lat' dir='ltr'>muliebri</span> <span class='ocrx_word' id='word_1_286' title='bbox 329 4003 457 4070; x_wconf 88' lang='lat' dir='ltr'>levitate</span> <span class='ocrx_word' id='word_1_287' title='bbox 477 4003 599 4069; x_wconf 89' lang='lat' dir='ltr'>risisset</span> <span class='ocrx_word' id='word_1_288' title='bbox 620 4019 639 4067; x_wconf 89' lang='lat' dir='ltr'>a</span> <span class='ocrx_word' id='word_1_289' title='bbox 660 3999 794 4067; x_wconf 91' lang='lat' dir='ltr'>Domino</span> <span class='ocrx_word' id='word_1_290' title='bbox 811 3986 983 4083; x_wconf 70' lang='lat' dir='ltr'>&#39;increpata</span> <span class='ocrx_word' id='word_1_291' title='bbox 1006 4000 1071 4078; x_wconf 84' lang='lat' dir='ltr'>est,</span> <span class='ocrx_word' id='word_1_292' title='bbox 1095 3999 1132 4063; x_wconf 92' lang='lat' dir='ltr'>ut</span> <span class='ocrx_word' id='word_1_293' title='bbox 1152 3997 1186 4062; x_wconf 91' lang='lat' dir='ltr'>in</span> <span class='ocrx_word' id='word_1_294' title='bbox 1207 3995 1368 4062; x_wconf 82' lang='lat' dir='ltr'>Abraham</span> 
     </span>
     <span class='ocr_line' id='line_1_34' title="bbox 165 4107 1369 4200; baseline -0.008 -19"><span class='ocrx_word' id='word_1_295' title='bbox 165 4115 294 4200; x_wconf 84' lang='lat' dir='ltr'>spiritus</span> <span class='ocrx_word' id='word_1_296' title='bbox 318 4131 354 4180; x_wconf 94' lang='lat' dir='ltr'>ac</span> <span class='ocrx_word' id='word_1_297' title='bbox 375 4115 490 4182; x_wconf 90' lang='lat' dir='ltr'>mentis</span> <span class='ocrx_word' id='word_1_298' title='bbox 507 4132 566 4181; x_wconf 90' lang='lat' dir='ltr'>nec</span> <span class='ocrx_word' id='word_1_299' title='bbox 585 4132 649 4179; x_wconf 93' lang='lat' dir='ltr'>non</span> <span class='ocrx_word' id='word_1_300' title='bbox 670 4112 801 4179; x_wconf 86' lang='lat' dir='ltr'>affectus</span> <span class='ocrx_word' id='word_1_301' title='bbox 825 4130 897 4177; x_wconf 90' lang='lat' dir='ltr'>cum</span> <span class='ocrx_word' id='word_1_302' title='bbox 919 4111 986 4178; x_wconf 86' lang='lat' dir='ltr'>Deo</span> <span class='ocrx_word' id='word_1_303' title='bbox 1010 4110 1127 4176; x_wconf 88' lang='lat' dir='ltr'>sivein</span> <span class='ocrx_word' id='word_1_304' title='bbox 1149 4109 1289 4175; x_wconf 90' lang='lat' dir='ltr'>oratione</span> <span class='ocrx_word' id='word_1_305' title='bbox 1304 4107 1369 4172; x_wconf 90' lang='lat' dir='ltr'>sive</span> 
     </span>
     <span class='ocr_line' id='line_1_35' title="bbox 164 4221 1370 4311; baseline -0.006 -21"><span class='ocrx_word' id='word_1_306' title='bbox 164 4227 198 4290; x_wconf 92' lang='lat' dir='ltr'>in</span> <span class='ocrx_word' id='word_1_307' title='bbox 219 4223 363 4292; x_wconf 88' lang='lat' dir='ltr'>laudibus</span> <span class='ocrx_word' id='word_1_308' title='bbox 386 4226 590 4311; x_wconf 80' lang='lat' dir='ltr'>colloquentis</span> <span class='ocrx_word' id='word_1_309' title='bbox 612 4227 791 4311; x_wconf 84' lang='lat' dir='ltr'>puritatem,</span> <span class='ocrx_word' id='word_1_310' title='bbox 813 4225 847 4290; x_wconf 95' lang='lat' dir='ltr'>in</span> <span class='ocrx_word' id='word_1_311' title='bbox 869 4222 946 4290; x_wconf 84' lang='lat' dir='ltr'>Sara</span> <span class='ocrx_word' id='word_1_312' title='bbox 966 4241 1040 4291; x_wconf 88' lang='lat' dir='ltr'>vero</span> <span class='ocrx_word' id='word_1_313' title='bbox 1061 4221 1163 4290; x_wconf 83' lang='lat' dir='ltr'>carnis</span> <span class='ocrx_word' id='word_1_314' title='bbox 1181 4221 1281 4288; x_wconf 91' lang='lat' dir='ltr'>adhuc</span> <span class='ocrx_word' id='word_1_315' title='bbox 1299 4236 1370 4285; x_wconf 91' lang='lat' dir='ltr'>cor·</span> 
     </span>
    </p>
   </div>
   <div class='ocr_carea' id='block_1_3' title="bbox 167 4377 243 4384">
    <p class='ocr_par' dir='ltr' id='par_1_4' title="bbox 167 4377 243 4384">
     <span class='ocr_line' id='line_1_36' title="bbox 167 4377 243 4384; baseline 0 0"><span class='ocrx_word' id='word_1_316' title='bbox 167 4377 243 4384; x_wconf 52' lang='grc' dir='ltr'>ι-ῳ</span> 
     </span>
    </p>
   </div>
   <div class='ocr_carea' id='block_1_4' title="bbox 268 4439 852 4516">
    <p class='ocr_par' dir='ltr' id='par_1_5' title="bbox 268 4439 852 4516">
     <span class='ocr_line' id='line_1_37' title="bbox 268 4439 852 4516; baseline -0.003 -18"><span class='ocrx_word' id='word_1_317' title='bbox 268 4444 288 4514; x_wconf 90' lang='lat'>¹)</span> <span class='ocrx_word' id='word_1_318' title='bbox 307 4445 380 4500; x_wconf 87' lang='lat' dir='ltr'>Num.</span> <span class='ocrx_word' id='word_1_319' title='bbox 404 4441 447 4498; x_wconf 81' lang='lat'>12.</span> <span class='ocrx_word' id='word_1_320' title='bbox 467 4441 493 4500; x_wconf 83' lang='lat'>2.</span> <span class='ocrx_word' id='word_1_321' title='bbox 514 4471 548 4487; x_wconf 86' lang='lat'>-</span> <span class='ocrx_word' id='word_1_322' title='bbox 571 4441 593 4516; x_wconf 76' lang='lat'>⁹)</span> <span class='ocrx_word' id='word_1_323' title='bbox 609 4444 684 4498; x_wconf 87' lang='lat' dir='ltr'>Num.</span> <span class='ocrx_word' id='word_1_324' title='bbox 705 4441 749 4498; x_wconf 79' lang='grc'>12.</span> <span class='ocrx_word' id='word_1_325' title='bbox 771 4439 852 4496; x_wconf 87' lang='grc'><strong>6-8.</strong></span> 
     </span>
    </p>
   </div>
   <div class='ocr_carea' id='block_1_5' title="bbox 0 0 1589 5214">
    <p class='ocr_par' dir='ltr' id='par_1_6' title="bbox 0 0 1589 5214">
     <span class='ocr_line' id='line_1_38' title="bbox 0 0 1589 5214; baseline 0 0"><span class='ocrx_word' id='word_1_326' title='bbox 0 0 1589 5214; x_wconf 95' lang='lat' dir='ltr'> </span> 
     </span>
    </p>
   </div>
  </div>
 </body>
</html>
