3172 5202
1269 395 1332 476 111Ι
1424 347 1427 356 ’

143 555 255 627 interni
286 561 396 629 arbitri
423 564 540 651 judicio
573 559 697 645 debuit,
719 562 777 628 hoc
798 561 872 629 iecit
904 564 1108 650 semetipsum
1140 567 1178 633 de
1206 566 1335 634 crimine

144 669 264 755 ch'ecto
286 674 445 758 purgando
478 678 510 740 et
530 673 570 740 ab
592 675 720 741 ecclesia
742 675 801 740 Dei
821 675 1001 741 scandalum
1022 677 1198 748 auferendo.
1242 677 1334 752 Sicut

142 783 218 848 item
249 785 427 866 Marcellus,
461 787 569 852 eodem
601 786 704 852 divino
726 785 759 851 in
781 787 910 852 ecclesia
944 803 982 850 ac
1013 807 1071 873 per
1102 787 1264 856 ecclesiam
1300 808 1335 855 se

143 895 346 978 compellente
373 895 509 979 judicio,
544 898 643 963 libens
665 899 698 961 in
721 897 924 980 semetipsum
951 898 1183 966 damnationem
1203 899 1334 966 dictavit

140 1023 178 1070 ne
198 1024 263 1070 uon
287 1006 386 1073 solum
420 1008 523 1074 diuino
540 1009 658 1093 judicio
689 1010 743 1074 sed
765 1011 797 1072 11
818 1009 900 1091 apud
920 1009 1083 1074 ecclesiam
1104 1028 1176 1076 reus
1195 1012 1335 1094 concilio,

139 1116 268 1202 insuper
288 1136 359 1185 vero
381 1118 538 1204 gehenuae
558 1120 640 1204 ignis
662 1140 733 1186 reus
756 1119 909 1201 existeret,
943 1121 997 1188 sed
1019 1122 1202 1207 redargutus
1223 1121 1263 1190 ab
1285 1142 1336 1190 ec·

139 1228 233 1292 alesia
266 1229 300 1294 in
333 1231 535 1314 semetipsum
565 1231 717 1316 judicium
755 1231 961 1297 damnationis
983 1250 1045 1297 non
1065 1233 1199 1301 tuhsset.
1242 1233 1334 1302 Nunc

139 1356 210 1405 vero
246 1341 318 1424 quia
335 1340 492 1424 justitiam
511 1343 579 1422 Dei,
617 1342 707 1425 quasi
743 1343 829 1408 coelo
859 1361 915 1426 per
937 1343 1099 1409 ecclesiam
1120 1363 1154 1410 se
1175 1347 1334 1430 arguente,

138 1451 286 1538 cognovit
308 1455 340 1516 et
360 1451 460 1516 eidem
476 1452 618 1536 justitiae
640 1455 842 1538 semetipsum
862 1455 1036 1520 damnando
1058 1456 1212 1540 acquievit
1234 1456 1330 1524 etiam

136 1567 169 1632 in
190 1584 321 1631 numero
354 1569 532 1632 sanctorum
564 1567 709 1632 inventus
732 1569 790 1631 est.
834 1565 894 1632 Sed
917 1566 1044 1660 etillud
1066 1564 1215 1650 Symachi
1234 1585 1334 1654 papae

137 1676 260 1761 aliaque
293 1675 445 1759 ejusmodi
476 1676 635 1742 sciendum
668 1677 706 1742 de
738 1675 787 1741 hie
812 1676 914 1741 solum
948 1675 1096 1742 Romanis
1129 1677 1332 1747 Pontificibus

136 1804 239 1872 agere,
262 1786 366 1870 quiet
386 1786 446 1851 soli
467 1789 573 1852 tenent
594 1787 772 1853 cathedram
794 1790 826 1853 et
848 1804 979 1871 quorum
992 1788 1138 1854 introitus
1154 1790 1333 1874 quaestione

136 1900 231 1963 caret.
276 1897 359 1963 Nam
382 1916 453 1962 cum
475 1898 512 1963 de
535 1895 656 1963 duobus
689 1897 779 1980 quasi
815 1896 993 1963 cathedram
1014 1897 1190 1966 tenentibus
1213 1899 1332 1985 discep-

136 2012 234 2091 tatur,
256 2010 328 2095 quis
350 2028 457 2075 eorum
479 2009 679 2094 apostolicus,
703 2009 811 2092 quisve
832 2009 1024 2093 apostaticus
1047 2009 1098 2089 sit,
1120 2008 1198 2076 hene
1219 2008 1332 2076 debent

135 2121 301 2187 introitum
334 2141 426 2187 suum
459 2121 605 2203 ecclesiae
627 2120 686 2186 Dei
706 2138 857 2205 exponere
891 2138 985 2204 seque
1006 2121 1087 2185 inter
1109 2103 1278 2190 confratres
1300 2125 1332 2190 11

135 2235 305 2319 discipulos
337 2233 484 2300 ridendos
506 2250 543 2298 ac
563 2233 735 2319 palpandos
768 2230 928 2327 exhibere,
961 2235 997 2299 ut
1020 2233 1106 2300 omni
1127 2235 1272 2302 scandalo
1294 2254 1331 2302 ac

136 2346 332 2412 dubitatione
353 2345 485 2412 sublatis
507 2346 627 2411 noverit
645 2345 774 2412 ecclesia
788 2344 847 2410 Dei
861 2344 1026 2431 reprobare
1039 2346 1158 2412 malurn
1172 2349 1205 2414 et
1218 2345 1331 2432 eligere

135 2457 263 2524 benum.
287 2457 368 2524 Sane
388 2458 463 2523 dum
484 2456 562 2522 illud
583 2455 729 2540 Symachi
749 2465 934 2522 annotamus
956 2455 1015 2537 his,
1035 2457 1087 2541 qui
1103 2459 1135 2522 et
1148 2457 1207 2522 soli
1222 2457 1331 2524 sedent

135 2573 169 2634 et
191 2588 322 2654 quorum
344 2568 491 2634 cathedra
513 2568 691 2652 quaestione
713 2569 807 2648 caret,
829 2586 891 2633 non
912 2567 1111 2648 destruimus,
1135 2585 1212 2652 quae
1234 2588 1330 2654 supra

133 2680 336 2762 asseruimus,
350 2680 535 2764 generaliter
557 2697 613 2745 rae
634 2678 779 2744 intentari
802 2679 887 2744 omni
907 2678 1025 2744 homini
1045 2698 1102 2764 per
1124 2696 1218 2764 quem
1241 2697 1330 2747 scan-

134 2793 245 2858 dalum
265 2791 358 2875 venit,
392 2792 457 2858 sive
477 2792 529 2858 ille
550 2809 693 2857 summus
726 2790 791 2856 sive
821 2790 946 2856 infimus
978 2790 1159 2856 mortalium
1190 2790 1241 2872 sit,
1273 2811 1329 2858 seu

134 2903 224 2970 brevi
256 2908 397 2990 tempore
429 2923 483 2970 seu
513 2902 566 2969 diu
588 2902 767 2969 cathedram
800 2902 943 2968 tenuerit.
986 2901 1179 2986 Quicumque
1198 2919 1273 2968 vero
1295 2921 1329 2968 se

135 3018 250 3102 ipsum,
272 3018 421 3100 arguente
443 3035 476 3080 se
498 3016 583 3082 coelo
604 3015 625 3080 i.
652 3035 678 3084 e.
700 3013 845 3094 ecclesia,
861 3012 1047 3099 Judicaverit
1067 3032 1129 3080 non
1152 3013 1259 3097 utique
1275 3013 1330 3098 ju·

135 3127 292 3194 dicabitur
305 3145 324 3192 a
339 3128 483 3208 Domino,
506 3128 587 3193 sicut
609 3128 646 3192 de
669 3127 803 3211 quodam
824 3143 947 3192 summo
970 3125 1129 3191 sacerdote
1149 3145 1206 3211 per
1226 3125 1329 3193 homi-

134 3260 209 3307 nem
230 3241 288 3306 Dei
310 3241 476 3325 redarguto
501 3239 557 3304 sed
588 3257 650 3304 non
672 3239 809 3304 correcto
831 3238 963 3323 legimus
987 3237 1068 3321 quod
1090 3237 1192 3304 diuino
1209 3237 1327 3322 J'udicio

136 3353 176 3418 de
198 3354 274 3418 sella
295 3353 406 3419 cadens
428 3354 597 3417 retrorsum
618 3349 727 3416 fractis
748 3348 918 3416 cervicibus
941 3351 1083 3430 mortuus
1105 3349 1156 3416 sit.
1178 3346 1328 3442 Similiter

135 3468 243 3530 autem
265 3467 297 3528 et
317 3462 449 3529 Romani
471 3462 598 3545 quidam
619 3461 694 3526 dicti
715 3460 900 3541 Pontifices,
924 3459 976 3544 qui
997 3459 1030 3526 in
1051 3461 1134 3525 111111
1155 3460 1326 3544 pertinaces

135 3577 289 3663 usquein
311 3576 405 3643 finem
437 3575 643 3660 perstiterunt
679 3574 716 3641 de
738 3573 880 3657 catalogo
901 3570 1329 3658 1111111111]111111111111,-1

136 3691 232 3756 clesia
265 3688 359 3753 eliam
391 3690 618 3772 postmortem
641 3684 757 3752 sublati
779 3687 872 3765 sunt,
905 3685 1027 3768 praetor
1058 3682 1135 3748 illud
1162 3680 1325 3767 judicium,

137 3821 199 3888 quo
221 3819 240 3866 a
262 3801 396 3866 Domino
431 3802 505 3866 sunt
535 3798 731 3865 aeternaliter
758 3795 900 3880 Judicati.
944 3793 1090 3877 Quahum
1121 3811 1202 3859 unus
1224 3793 1327 3860 1111111

136 3913 282 3992 11111111,
306 3912 358 3996 qui
380 3915 488 3978 contra
508 3910 664 3977 Hilarium
697 3909 923 3976 Pictaviensem
943 3906 977 3973 in
999 3905 1126 3972 concilio
1145 3921 1326 3990 praesump-

136 4011 372 4092 tuose'locutus
395 4025 453 4089 est.
483 4021 631 4105 Quamuis
655 4039 728 4106 ergo
752 4019 906 4103 quispiam
928 4018 970 4084 sit
985 4019 1036 4083 rel
1050 4014 1170 4082 dicatur
1183 4034 1325 4106 summus

136 4137 318 4205 mortalium
350 4155 412 4201 non
433 4137 611 4202 contemnat
641 4131 827 4219 pusillorum
849 4131 887 4196 de
908 4147 942 4197 ee
963 4128 1151 4196 scandalum.
1194 4125 1277 4193 Nam
1298 4127 1326 4193 si

135 4267 237 4337 poena
268 4247 430 4334 gehennah
459 4246 606 4332 plectitur
641 4241 694 4329 qui
725 4238 976 4310 scandalizaverit
1007 4257 1104 4304 unum
1136 4239 1173 4304 de
1204 4236 1324 4322 pusillis

137 4365 255 4450 quanto
278 4360 378 4446 magis
398 4360 461 4427 illis
478 4357 631 4442 judicium
656 4355 828 4441 repositum
849 4356 907 4437 est,
929 4351 981 4438 qui
1003 4349 1209 4417 scandalizant
1228 4348 1325 4415 eccle-

135 4478 218 4545 siam
241 4473 299 4541 Dei
321 4475 414 4542 simul
436 4476 468 4539 et
488 4487 593 4556 regna.
