3172 5202
1297 393 1339 458 99

133 557 186 622 hic
207 557 240 623 in
263 574 410 624 mensura
424 555 606 623 altitudinis
629 557 738 642 templi
760 559 861 624 decies
883 557 1140 648 multiplicaturl)
1164 564 1197 626 et
1218 564 1343 628 centum

134 668 248 752 viginti
270 667 394 734 cubitos
416 667 548 753 perlicit,
580 672 617 734 ut
646 670 824 735 noverimus
848 671 988 736 ordinem
1011 673 1265 753 ecclesiasticum,
1290 677 1343 758 qui

133 777 180 843 sic
201 778 235 844 iu
256 781 373 863 populo
397 779 657 863 quemadmodum
690 783 723 846 in
754 781 879 847 civitate
911 783 1065 867 templum
1100 787 1149 850 est
1170 788 1202 850 et
1223 785 1256 850 in
1280 804 1342 868 quo

134 887 219 954 velut
237 889 272 954 in
295 891 411 975 templo
434 894 737 958 sanctasanctorum
761 895 844 972 sunt,
868 893 1011 960 videlicet
1034 895 1173 980 corporis
1196 895 1343 961 dominici

133 1000 328 1067 consecratio
363 1003 395 1066 st
416 1001 497 1067 sacri
517 1001 696 1068 chrismatis
730 1003 936 1069 sanctificatio
970 1006 1018 1071 vel
1041 1007 1145 1071 unctio
1179 1025 1215 1072 ac
1237 1024 1345 1091 pecca·

133 1113 241 1178 torum
263 1111 417 1192 remissio,
449 1112 540 1195 hune,
574 1113 712 1199 iuquam,
736 1114 871 1180 sciamus
895 1115 1036 1182 ordinem
1057 1117 1097 1182 ed
1121 1117 1345 1182 consummati·

133 1239 228 1288 onem
250 1226 431 1289 sanctorum
454 1223 602 1290 divinitus
629 1222 810 1290 institutum
831 1242 894 1289 non
917 1244 953 1289 ex
976 1225 1114 1309 quolibet
1135 1223 1265 1310 prolana
1288 1245 1343 1291 seu

130 1333 280 1417 populari
313 1335 546 1400 couversatione
578 1336 610 1400 iu
645 1334 774 1401 ecclesia
795 1334 995 1418 multiplicari
1018 1333 1129 1402 debers
1158 1337 1212 1402 sed
1235 1355 1271 1401 or
1294 1336 1343 1402 his

131 1443 238 1510 solum
261 1443 449 1526 hominibus,
473 1445 528 1530 qui
550 1448 582 1512 et
604 1447 774 1512 secundum
798 1444 875 1530 logie
898 1447 1082 1533 decalogum
1105 1449 1173 1513 sins
1195 1448 1343 1532 quaerela

131 1556 311 1622 conversati
332 1556 466 1622 maxime
486 1561 562 1643 post
582 1557 774 1642 baptismum
798 1559 861 1622 sint
883 1574 920 1622 ac
942 1558 1050 1624 deinde
1072 1559 1112 1624 ad
1134 1559 1340 1643 apostolicam

131 1666 367 1751 perlectionem,
391 1687 470 1754 quae
491 1668 523 1734 in
545 1668 733 1735 duodenario
756 1667 959 1754 significatur,
983 1665 1177 1750 profecerint.
1201 1669 1271 1735 Hoc
1293 1673 1343 1735 ost

132 1777 219 1844 enim
238 1778 463 1847 duodenarium
486 1780 586 1846 decies
605 1779 817 1866 multiplicari,
841 1783 877 1846 ut
899 1781 1025 1847 centum
1045 1778 1157 1864 viginti
1169 1779 1241 1860 sint,
1265 1782 1343 1863 quot

131 1887 285 1955 nimirum
306 1889 448 1958 homines
471 1892 571 1977 primo
595 1892 729 1977 Spiritus
746 1891 879 1958 Sanctus
901 1891 941 1956 ad
963 1890 1153 1956 dilatandam
1177 1894 1209 1956 et
1230 1909 1344 1976 regen·

132 1999 208 2064 dam
241 2001 405 2066 ecclesiam
434 2003 637 2085 consecravit,
672 2002 791 2092 quibus
816 2007 848 2069 et
879 2001 995 2087 linguis
1028 2000 1168 2067 omnium
1201 2001 1344 2086 gentium

130 2111 219 2195 loqui
242 2111 377 2192 donavit,
412 2113 590 2198 significans
612 2116 645 2181 in
669 2133 776 2180 omnes
792 2097 907 2200 ‘gentes
940 2113 1132 2180 dilatandum
1165 2110 1340 2178 aedificium

130 2241 167 2288 ex
189 2225 256 2288 tam
277 2222 386 2309 paucis
408 2225 550 2308 personis
571 2226 754 2292 inchoatum
769 2225 801 2290 in
815 2226 869 2291 illa
885 2224 1022 2304 civitate,
1040 2224 1082 2290 de
1104 2242 1165 2308 qua
1188 2223 1340 2307 scriptum

129 2336 215 2398 erat:
259 2333 357 2416 Quia
390 2335 434 2399 dc
467 2334 559 2401 Sion
594 2337 720 2404 exibit
751 2338 811 2402 lex
845 2339 882 2400 st
911 2333 1068 2401 verbum
1100 2333 1259 2399 Domini
1294 2335 1341 2399 de

129 2442 398 2530 Jerusalema)

594 2759 705 2826 cap.
726 2755 888 2812 xmx.

129 2879 216 2958 (iuid
237 2879 371 2948 diderit
392 2878 428 2947 iu
449 2879 674 2967 spiritualibus
697 2878 837 2948 altitudo
860 2877 920 2948 illa
942 2876 1055 2965 templi
1077 2894 1157 2965 quaa
1172 2894 1232 2964 par
1247 2875 1332 2944 Salo·

190 3010 316 3060 monem
337 2991 525 3060 constructa
551 2993 602 3061 est
623 2992 664 3060 ab
686 3010 725 3060 ea
746 3010 828 3079 quac
850 3009 910 3078 per
932 2990 1048 3074 tyrum
1069 2988 1198 3058 indulta
1220 2988 1281 3058 est.

233 3178 324 3261 Quod
346 3178 435 3259 alios,
469 3178 611 3244 videlicet
634 3181 719 3244 extra
740 3176 951 3262 evangelicam
984 3180 1015 3243 et
1037 3176 1172 3262 legalem
1191 3175 1340 3262 perfecti·

130 3309 225 3357 onem
249 3293 485 3371 conversantes,
519 3291 650 3357 ecclesia
671 3290 731 3356 Dei
753 3309 848 3375 super
869 3310 903 3355 se
924 3289 957 3355 in
977 3287 1129 3373 regimine
1151 3287 1286 3352 sustinet
1308 3290 1340 3352 et

135 3401 333 3486 aliquamdiu
355 3400 515 3481 sustinuit,
537 3400 618 3467 hanc
649 3419 723 3486 ergo
757 3401 892 3466 termam
925 3419 987 3465 non
1015 3400 1055 3464 ad
1077 3401 1204 3464 rentum
1226 3396 1339 3482 viginti

130 3514 188 3580 sed
208 3514 249 3578 ad
272 3512 433 3598 sexaginta
469 3511 647 3579 cubitorum
669 3513 867 3578 altitudinem
889 3510 1024 3576 arbitror
1045 3509 1209 3594 pertinere.
1254 3507 1339 3589 Quae

129 3623 284 3689 nimirum
306 3621 499 3690 celsitudinis
522 3642 676 3704 mensura,
700 3624 773 3708 quia
795 3623 897 3689 miuus
913 3624 980 3688 Deo
1002 3621 1117 3706 placita
1139 3623 1197 3699 est,
1218 3619 1257 3683 ad
1279 3619 1340 3684 hoo

130 3735 377 3822 significandum
408 3754 470 3814 non
504 3735 536 3801 in
558 3735 611 3802 illo
635 3735 795 3820 sexaginta
828 3733 1016 3813 cubitorum,
1052 3732 1135 3816 quod
1168 3730 1339 3796 secuudum

131 3846 211 3932 Cyri
227 3846 360 3914 etDerii
382 3866 493 3933 regum
515 3847 745 3914 concessionem
768 3847 887 3912 lactum
909 3843 1020 3925 iuerat,
1044 3844 1099 3910 sed
1120 3842 1152 3906 in
1174 3841 1234 3906 isto
1258 3841 1339 3926 quod

130 3963 285 4041 Herodes,
319 3961 394 4026 licet
415 3959 539 4044 impius,
572 3960 613 4025 ad
645 3960 770 4024 centum
793 3956 904 4042 viginti
936 3954 1113 4022 cubitorum
1142 3952 1339 4019 altitudinem

130 4073 315 4160 perfecerat,
331 4072 474 4142 Christus
490 4070 594 4138 offerri
608 4071 755 4155 parvidus
770 4071 865 4151 atque
880 4068 1006 4133 adultus
1020 4063 1204 4141 conversari,
1229 4063 1338 4126 docere

131 4189 228 4272 atque
250 4185 340 4270 signa
362 4184 463 4250 iacere
485 4182 614 4263 curavit,
637 4184 674 4248 de
690 4199 750 4266 quo
766 4179 871 4260 etiarn,
894 4196 955 4244 nou
970 4181 1076 4243 autem
1099 4195 1135 4242 er
1155 4175 1209 4240 illo
1224 4173 1338 4258 priore,

135 4328 388 4343 ’.ο-ι·-

240 4401 258 4468 ¹)
277 4399 333 4456 cod.
352 4398 564 4466 multiplicantur.

237 4495 258 4568 ²)
276 4495 338 4554 Issi.
358 4497 384 4552 2.
403 4497 429 4552 3.
