3158 5212
1317 457 1356 523 51

168 636 187 683 a
209 619 353 702 Domine,
376 623 542 690 1111111111
564 623 705 709 gladium
726 625 913 709 plagamque
935 643 1034 706 suam,
1057 644 1118 713 qua
1139 625 1284 711 plagatus
1309 629 1367 708 est,

167 729 200 795 in
220 731 354 798 nihilum
382 737 528 819 reputans
556 751 618 798 non
650 735 752 799 salum
775 736 814 799 ad
835 736 1060 821 poenitentiam
1083 715 1285 804 contristatus
1307 757 1369 804 non

168 845 217 909 ast
244 844 299 908 sed
327 843 368 910 ab
396 845 516 911 unitate
544 845 683 931 corporis
705 846 863 931 praecisus
893 847 969 914 loris
994 850 1081 932 quasi
1103 850 1197 916 aliam
1219 849 1370 917 fabricare

167 956 332 1022 aeclesiam
354 957 482 1024 molitus
505 958 592 1037 est.¹)

658 1367 767 1434 cap,
786 1364 883 1420 XX.

447 1485 649 1574 Wigwertus
671 1489 903 1578 superponitur
924 1489 1090 1575 Gregorio.

263 1671 354 1739 Unde
369 1672 458 1756 quasi
469 1671 591 1759 Papam
605 1675 701 1741 alium
718 1674 913 1760 Wigbertum
928 1676 1080 1760 quendam
1093 1675 1242 1762 Gregorio
1256 1698 1367 1765 super·

161 1800 283 1867 ponens
306 1802 438 1867 eumque
460 1781 654 1850 Clementem
674 1785 837 1850 nominans
859 1787 977 1852 idolum
1006 1785 1111 1870 potius
1127 1787 1258 1852 erexisse
1274 1805 1367 1870 quam

160 1892 285 1978 Papam
308 1893 467 1960 ordinasse
488 1893 699 1960 aestimandus
726 1897 782 1962 est.
817 1893 901 1959 Nam
924 1896 976 1978 qui
1000 1898 1074 1978 post
1095 1913 1193 1958 unum
1215 1896 1366 1961 secundus

162 2021 231 2068 csse
253 2004 387 2070 voluerit
411 2004 480 2089 jam
511 2024 573 2070 non
596 2005 748 2072 secundus
772 2007 826 2070 sed
848 2007 951 2070 nullus
976 2005 1043 2072 erit.
1086 2005 1155 2071 Hoc
1177 2024 1249 2090 ergo
1273 2006 1366 2071 simu·

159 2112 248 2178 lacre
270 2132 333 2179 non
354 2132 437 2201 papa
458 2116 491 2181 in
515 2117 640 2183 civitate
662 2115 791 2196 brixina,
814 2115 867 2181 ubi
888 2116 972 2180 idem
989 2116 1055 2200 jam
1072 2134 1133 2181 non
1151 2116 1296 2182 dicendus
1313 2136 1365 2182 111

159 2227 215 2292 sed
238 2229 388 2312 tyrannus
411 2230 514 2295 natale
536 2229 661 2309 fecerat,
685 2232 786 2295 erecto
799 2229 839 2294 ad
850 2227 961 2293 urbam
972 2228 1106 2293 Romam
1118 2227 1217 2293 tendit
1230 2227 1361 2312 indeque

159 2338 346 2422 proturbato
369 2339 519 2424 Gregorio
543 2359 666 2405 summo
689 2340 841 2406 Pontifice
869 2340 951 2405 hunc
975 2358 1066 2404 suum
1089 2358 1151 2404 non
1172 2357 1288 2424 papam
1310 2339 1365 2404 sed

161 2449 366 2516 simulacrum
387 2450 419 2514 111
442 2450 513 2515 sede
535 2449 618 2516 beati
640 2451 725 2515 Petri
748 2450 919 2516 collocavit.
953 2449 1121 2534 Gregorius
1143 2468 1214 2515 vero
1238 2449 1362 2514 exulans

159 2558 193 2624 in
223 2578 356 2643 regnum
388 2559 511 2626 devenit
540 2561 688 2627 Franciae
709 2561 841 2645 indeque
862 2560 975 2627 litteris
998 2561 1124 2626 directis
1147 2560 1263 2640 fideles,
1287 2579 1363 2645 quos

157 2669 247 2735 111111
269 2669 426 2749 eeclesiae,
448 2673 556 2735 contra
577 2670 774 2754 iniquitatem
797 2670 1203 2738 1·oborat·eommonensne
1222 2689 1364 2736 commu-

158 2782 291 2848 nicando
314 2781 476 2848 schismati
506 2783 675 2848 catholicae
702 2782 787 2867 pacis
814 2783 966 2848 unitatem
996 2801 1033 2848 ac
1055 2781 1254 2847 sanctitatem
1277 2799 1362 2847 com-

158 2895 363 2960 macularent.
385 2894 552 2961 Hainrious
574 2914 658 2976 raro,
680 2893 748 2978 jam
770 2912 832 2959 non
854 2914 907 2959 rex
929 2895 984 2959 sed
1006 2895 1165 2976 tyrannm,
1195 2893 1358 2976 episcopos

157 3004 299 3090 aliosque
321 3005 426 3072 fideles
449 3006 596 3072 ecclesiae
619 3025 693 3071 suae
715 3007 796 3089 parti
818 3025 879 3070 non
902 3004 1165 3070 communicantes
1179 3003 1216 3066 de
1228 3001 1361 3087 propriis

157 3116 285 3182 sedibus
311 3115 476 3199 proturbat
504 3115 608 3199 eisque
636 3117 714 3181 alios
746 3135 807 3180 nen
830 3115 991 3201 episcopos
1015 3115 1068 3179 sed
1091 3113 1306 3179 schismaticos
1330 3115 1361 3176 et

157 3226 331 3294 haereticos
343 3229 534 3313 superponit,
557 3229 666 3313 vixque
687 3228 720 3294 in
741 3247 837 3313 regno
862 3245 918 3293 suo
935 3227 1130 3310 episcopatus
1147 3223 1360 3296 inveniebatur

157 3335 189 3403 111
213 3357 275 3423 quo
299 3338 458 3404 dualitatis
480 3337 574 3423 hujus
598 3338 734 3403 scissura
762 3358 823 3403 non
846 3340 937 3403 esset.
969 3335 1050 3402 Hinc
1068 3335 1136 3420 jam
1158 3337 1265 3401 caedes
1288 3337 1360 3405 hine

156 3448 371 3515 membrorum
392 3449 425 3514 in
446 3449 533 3514 laicis
549 3452 581 3515 et
596 3449 715 3514 clericis
732 3449 942 3514 truncationes
960 3450 991 3514 et
1008 3448 1169 3512 oculomm
1185 3447 1358 3530 effosiones,

155 3560 228 3626 hinc
250 3558 392 3644 publicae
414 3561 528 3626 civium
550 3564 658 3628 contra
680 3561 761 3626 cives
777 3559 1011 3644 congressiones
1026 3559 1095 3626 aliis
1110 3578 1165 3643 pro
1180 3558 1357 3643 pastoribus

154 3671 317 3757 legitimis,
340 3671 409 3736 aliis
432 3690 504 3737 1111
528 3675 634 3737 contra
656 3676 797 3756 pastores
821 3671 1051 3737 dimicantibus.

254 3783 300 3848 111
323 3800 358 3847 11
381 3785 520 3866 tempore
548 3800 567 3847 a
588 3783 697 3847 multis
725 3780 868 3848 fidelibus
902 3800 939 3848 ac
959 3781 1162 3867 prudentibus
1191 3781 1357 3865 impletum

154 3896 249 3976 atque
283 3892 405 3977 impleri
440 3875 588 3979 coeptum
620 3893 765 3974 creditur,
800 3893 882 3976 quod
903 3893 936 3957 111
957 3891 1135 3977 apocalypsi
1156 3891 1287 3959 loannis
1311 3892 1355 3958 sie

152 4001 377 4089 prophetatum
410 4008 472 4071 est:
510 4005 601 4073 Cum
636 4003 903 4071 consummati
937 4002 1093 4069 fuerint
1124 4002 1232 4068 mille
1265 4004 1356 4068 anni

154 4115 335 4181 solvetur
366 4113 531 4182 Satanas
560 4119 604 4182 dc
633 4135 791 4182 carcere
820 4135 889 4182 suo
917 4120 954 4181 at
975 4115 1105 4180 exibit
1127 4118 1163 4180 st
1185 4114 1354 4180 seducet

152 4229 288 4310 gentes
311 4226 468 4309 multas,
493 4245 587 4311 quae
610 4231 700 4293 sunt
722 4246 840 4312 super
858 4228 1212 4312 quatuorangulos
1230 4230 1354 4292 terrae

258 4491 277 4557 ¹)
297 4491 369 4544 11111
387 4493 525 4557 ceteraque
553 4493 686 4558 sequentia
714 4490 794 4543 rerba
822 4506 903 4558 nsque
923 4494 1056 4558 „pastores
1074 4488 1256 4544 dimicantibus
1294 4489 1352 4542 ride

301 4580 430 4639 inGhron.
450 4581 648 4649 Roichersberg.
667 4582 708 4637 ad.
728 4597 752 4639 a.
773 4581 852 4638 1080.
1210 4664 1250 4730 Ψ
