3158 5212
1291 399 1331 464 17

129 581 266 632 omnes
295 564 559 632 habitatores
594 565 718 632 erbis.
756 569 842 634 Haec
875 571 959 636 enim
991 570 1133 652 quamvis
1156 567 1331 634 adfaciem

8 719 9 722 ,
128 675 252 741 litterae
284 678 323 742 de
356 695 428 761 rege
459 675 629 760 Babylonis
671 681 780 742 contra
816 679 995 746 Jerusalem
1033 679 1204 745 secundum
1237 679 1334 744 situm

128 789 229 854 terrae
250 789 292 855 ab
314 789 459 872 aquilone
480 791 555 854 tunc
577 791 708 853 venturo
730 788 813 854 dicta
836 794 927 872 sunt,
959 808 1022 855 non
1044 789 1104 855 erit
1125 790 1334 874 incongruum

128 897 224 962 etiam
239 899 278 964 de
288 897 472 964 antichristo
484 897 692 982 interpretari.
709 899 796 965 Sicut
806 899 870 966 illic
882 900 977 965 etiam
992 901 1108 985 virga
1123 899 1333 985 vigilans¹)

8 1019 9 1028 ’
128 1009 195 1076 visa
218 1012 267 1082 est
288 1029 345 1093 per
367 1027 461 1094 quam
484 1009 627 1079 Christus
640 1009 872 1106 etchristianae
895 1011 1075 1095 disciplinae
1105 1014 1195 1096 vigor
1218 1011 1335 1076 intelli-

127 1122 214 1207 gitur
235 1121 286 1185 cui
309 1121 392 1186 sieut
414 1121 476 1187 ella
498 1138 648 1186 succensa
676 1121 709 1185 in
742 1121 861 1186 visione
884 1121 1064 1205 prophetica
1087 1121 1261 1205 opponitur,
1287 1122 1333 1186 111

8 1267 9 1274 1
127 1233 277 1300 nimirum
312 1231 435 1299 Christo
469 1234 500 1297 et
534 1231 721 1298 christianae
754 1233 934 1317 disciplinae
963 1251 1000 1298 ac
1035 1231 1215 1316 vigilantiae
1249 1231 1332 1297 anti·

8 1351 9 1356 ’
128 1345 238 1412 christi
252 1343 425 1429 pervicacia
443 1343 634 1423 adversatur,
658 1361 736 1427 quae
758 1344 900 1410 homines
922 1362 985 1410 non
1007 1345 1110 1410 solum
1132 1343 1165 1408 in
1185 1343 1244 1409 hac
1268 1342 1333 1408 vita

127 1459 277 1526 vitiorum
300 1459 332 1524 et
353 1473 494 1522 errorum
514 1455 587 1538 igne
609 1453 773 1538 gehennali
795 1455 932 1520 incendit
955 1457 1010 1521 sed
1033 1456 1160 1520 1111111
1176 1453 1332 1538 inignem

8 1611 10 1632 .
128 1588 252 1654 quoque
273 1572 435 1639 aeternum
456 1564 674 1652 praecipitabit
695 1565 817 1632 dicente
839 1565 906 1650 ipso
928 1567 1016 1652 virga
1031 1566 1180 1651 vigilante
1197 1565 1331 1632 Domino

126 1685 206 1752 Jesn
227 1685 261 1746 in
281 1680 343 1747 fine
363 1680 430 1760 his,
454 1679 508 1763 qui
528 1695 547 1742 a
569 1677 705 1744 sinistris
729 1679 796 1763 eJus
818 1684 926 1747 erunt:
970 1681 1032 1748 Ite
1061 1677 1270 1744 maledicti
1291 1675 1332 1742 iu

125 1795 261 1878 ignem
282 1789 527 1872 aeternumr)
570 1789 621 1856 Ad
643 1811 738 1876 quam
759 1811 827 1858 rem
849 1795 881 1859 et
903 1792 981 1858 illud
1009 1791 1163 1875 portinere
1197 1791 1332 1874 myctica

8 1907 10 1938 ¹
124 1903 382 1989 interpretatione
413 1905 519 1988 potest
553 1902 635 1985 quod
668 1903 838 1987 Ezechiel³)
869 1905 1020 1989 propheta
1043 1906 1172 1970 ventum
1194 1901 1330 1969 turbinis

126 2014 168 2082 ab
202 2014 346 2099 aquilone
378 2014 554 2080 venientem
592 2013 670 2079 vidit
703 2014 870 2099 ignemque
906 2015 1117 2082 involventem
1149 2017 1181 2080 et
1212 2012 1329 2081 nubem

124 2144 284 2212 magnam,
318 2125 369 2192 cui
401 2129 433 2192 11
464 2125 528 2192 illic
562 2125 669 2192 electri
703 2126 824 2209 species
857 2129 889 2192 et
911 2129 1045 2210 quotuor
1066 2125 1250 2191 animalium
1272 2144 1327 2191 seu

8 2261 9 2304 l
124 2238 217 2304 unius
240 2237 384 2304 animalis
421 2239 555 2321 quatuor
575 2237 672 2302 facies
694 2235 838 2302 habentis
875 2237 952 2302 visio
976 2237 1152 2322 opponitur,
1174 2235 1329 2320 siquidem

124 2367 249 2432 semper
277 2350 316 2412 et
341 2345 456 2430 ubique
477 2343 660 2412 antichristi
681 2345 837 2428 tyrannidi
861 2346 978 2414 Christi
1008 2347 1171 2432 vigilantia
1193 2347 1329 2432 obsistit,

123 2477 204 2544 quae
226 2458 260 2524 in
281 2458 483 2526 multitudine
516 2457 677 2522 oculorum
709 2456 801 2522 unius
835 2456 979 2524 animalis
1002 2459 1096 2525 salvis
1118 2458 1189 2524 aliis
1212 2459 1329 2525 sanctis

121 2567 334 2637 intellectibus
357 2567 564 2634 animadverti
580 2568 694 2651 potest.
717 2567 758 2631 ut
779 2566 812 2632 in
835 2587 930 2652 regno
954 2567 1080 2653 quidem
1102 2569 1329 2638 Chaldaeorum

122 2681 239 2748 Daniel
261 2682 293 2746 et
314 2683 378 2746 tres
401 2679 478 2746 socii
500 2679 566 2764 ejus
588 2678 672 2764 regis
693 2679 800 2762 iniqua
821 2678 951 2762 imperia
974 2683 1155 2764 spernentes
1188 2683 1328 2748 illustres

121 2793 285 2859 miraculis
315 2794 347 2858 et
368 2791 509 2876 potentia
541 2791 731 2876 dignitatum
762 2789 871 2874 inclyti
905 2793 936 2856 et
958 2791 1035 2857 clari
1056 2791 1157 2859 effecti
1179 2796 1262 2874 suut,
1294 2793 1328 2858 in

121 2923 220 2990 regne
255 2924 328 2971 vero
352 2902 467 2972 Christi
500 2906 627 2971 sanctae
649 2905 814 2970 Trinitatis
850 2905 986 2969 cultores
1021 2903 1110 2986 quasi
1142 2905 1231 2987 pueri
1263 2907 1327 2970 tres

119 3024 287 3088 innumera
317 3018 405 3084 milia
423 3020 598 3103 martyrum
634 3019 716 3084 iuter
736 3017 825 3100 ignes
848 3019 880 3082 et
902 3018 1059 3082 tormenta
1080 3014 1121 3080 oh
1142 3015 1326 3082 antichriste

118 3133 210 3198 illota
224 3131 287 3196 fide
300 3129 579 3196 illaesiaDomino
601 3126 777 3194 conservati
799 3128 832 3192 11
853 3125 986 3192 victores
1009 3125 1118 3210 inclyti
1139 3126 1326 3191 1111111111.

120 3241 187 3310 Sed
210 3247 242 3308 11
263 3243 363 3308 111111
385 3220 585 3311 confessores
613 3238 705 3322 juxta
737 3237 873 3321 gratiam
893 3234 1016 3302 Danieli
1049 3253 1068 3300 1
1090 3238 1156 3303 Deo
1180 3237 1326 3301 collatam
1382 3297 1383 3301 ,

120 3355 278 3421 visionum
298 3353 550 3438 propheticarum
583 3351 680 3417 veluti
703 3349 895 3415 somniorum
918 3348 1071 3432 regalium
1107 3349 1256 3432 mysteria
1277 3348 1326 3413 in-

120 3468 299 3552 telligentes
333 3468 539 3548 sauctaequae
572 3464 745 3546 scripturae
772 3460 949 3546 aenigmata
967 3460 1123 3526 solventes
1147 3459 1242 3524 etiarn
1263 3459 1325 3542 ipsi

119 3581 153 3646 in
173 3598 270 3664 regno
291 3576 351 3644 Dei
372 3577 455 3661 apud
477 3577 580 3642 Deum
612 3577 645 3641 et
665 3573 807 3639 homines
830 3571 904 3638 clari
927 3574 959 3637 11
980 3569 1094 3653 inclyti
1116 3569 1219 3635 effecti
1241 3574 1323 3636 sunt.

8 3707 9 3732 ¹
119 3689 185 3758 Sed
204 3690 279 3775 quid
299 3689 360 3756 hoc
380 3691 485 3755 totum
512 3687 551 3752 ad
573 3683 838 3770 comprobandum
873 3683 955 3767 quod
978 3683 1016 3748 de
1038 3681 1221 3764 Babylonia,
1245 3699 1324 3765 quae

118 3804 160 3870 ad
180 3804 358 3887 aquilonem
380 3800 420 3866 ab
441 3798 618 3868 Jerusalem
640 3795 771 3879 sitaest,
793 3800 942 3861 venturus
959 3794 1000 3860 sit
1015 3793 1227 3873 antichristus
1251 3811 1324 3859 cnm

119 3933 176 3999 per
196 3912 374 3998 aquilonem
406 3909 440 3976 in
473 3909 590 3976 sanctis
613 3906 776 3991 scripturis
810 3926 873 3972 non
895 3925 1017 3998 semper
1038 3907 1092 3972 1111
1114 3908 1238 3972 terrena
1259 3905 1323 3969 Ba·

8 4021 9 4040 ¹
119 4024 225 4111 bylon,
258 4026 314 4092 sed
334 4023 492 4090 interdum
514 4022 610 4089 etiam
642 4017 783 4086 diabolus
806 4018 939 4103 intelligi
961 4019 1069 4099 soleat,
1103 4025 1139 4082 ut
1173 4018 1222 4085 111
1243 4016 1322 4082 illud

223 4313 242 4385 ¹)
263 4315 356 4372 1111111.
377 4316 401 4371 1.
423 4317 466 4371 11,

221 4413 346 4485 1)111111.
367 4415 411 4470 25.
432 4415 476 4469 41.

219 4517 241 4586 ⁸)
262 4513 356 4569 Erech.
378 4515 403 4570 1.
422 4514 449 4570 4.
