3172 5202
230 439 291 503 666
329 397 331 402 ’

327 608 387 677 Sed
404 609 572 694 opponitur
586 608 676 674 nobis
692 607 822 676 verbum
839 609 966 675 Domini
981 608 1129 677 dicentis:
1153 609 1280 694 Super
1295 610 1430 676 cathe-

226 723 339 787 dram
371 719 499 805 Moysi
536 720 730 787 sederunt
764 721 928 789 scribae
961 724 1000 787 et
1035 720 1266 800 Pharisaei,
1302 722 1430 788 omnia

226 850 325 918 quae
346 833 491 899 dicunt
512 831 629 897 robis
653 829 741 917 etc.¹)
763 830 907 917 Itemque
928 832 1007 898 illud
1031 830 1176 917 Gregorii
1198 833 1304 918 Papae
1327 832 1430 898 dicon-

226 944 278 1025 116,
303 945 450 1029 quoniam
472 944 718 1029 sententia2)
741 945 925 1030 pastoris
948 941 1431 1028 sivejustasireinjnsta

226 1056 336 1141 gregi
358 1056 536 1122 timenda
557 1058 662 1143 ost.¹)
685 1058 726 1124 Et
747 1076 804 1123 nos
821 1075 944 1140 quoque
967 1056 1075 1121 eadem
1097 1053 1192 1122 rerba
1208 1054 1380 1139 recipimus
1403 1059 1434 1122 st

227 1165 308 1233 sicut
329 1165 423 1232 verba
457 1168 605 1234 salutaria
632 1185 827 1247 veneramur,
861 1167 995 1232 maxime
1018 1170 1122 1233 166666
1145 1165 1264 1246 dehis,
1299 1184 1432 1250 quorum

227 1275 373 1344 cathedra
406 1277 436 1342 in
470 1279 651 1361 quaestione
684 1297 746 1345 nou
780 1284 829 1343 ost
863 1281 894 1342 61
917 1277 955 1342 do
978 1295 1112 1361 quorum
1144 1276 1295 1360 pastorali
1329 1275 1431 1342 officio

226 1373 288 1454 non
311 1386 484 1455 dubitatur.
528 1389 571 1454 Hi
594 1389 677 1455 enirn
700 1389 752 1474 qui
776 1388 841 1454 sine
867 1388 1047 1472 quaestione
1069 1385 1250 1452 cathedram
1272 1388 1380 1452 tenent
1401 1388 1433 1452 et
1573 1384 1574 1410 ¹

226 1502 368 1584 pastores
392 1503 474 1580 sunt,
498 1500 647 1585 quamdiu
668 1500 837 1567 secundnm
867 1499 1047 1567 cathedram
1071 1499 1183 1564 docent
1205 1500 1238 1563 61
1259 1499 1432 1584 pastoralia

226 1610 429 1696 praecipiunt,
462 1611 585 1677 etiamsi
616 1611 732 1696 1616616
765 1611 865 1698 ligant
887 1611 937 1676 uel
958 1611 1084 1676 solvunt
1117 1611 1334 1676 contemnendi
1368 1629 1431 1677 non

227 1728 310 1791 sunt.
356 1723 449 1805 Nam,
482 1728 518 1791 ut
540 1726 584 1790 ait
605 1725 689 1791 idem
710 1724 796 1808 Papa
818 1723 999 1809 Gregorius,
1034 1723 1099 1790 sire
1117 1723 1205 1807 juste
1227 1722 1292 1787 sire
1314 1721 1432 1805 injuste

227 1834 344 1921 obliget
375 1838 483 1920 pastor
514 1837 651 1920 pastoris
685 1837 839 1903 sententia
872 1837 960 1922 gregi
993 1835 1131 1903 timenda
1154 1840 1212 1916 661,
1246 1854 1285 1903 66
1317 1836 1344 1901 16
1380 1835 1433 1918 661

226 1947 336 2015 subest
357 1949 390 2014 61
411 1965 483 2013 cum
504 1945 620 2029 iniuste
642 1947 774 2014 forsitan
794 1948 911 2033 ligatur
925 1948 1027 2030 ipsam
1043 1945 1242 2032 obligationis
1264 1963 1339 2012 suae
1362 1964 1433 2012 sen·

226 2057 358 2125 tantiam
386 2077 422 2124 er
443 2057 504 2123 alia
527 2060 618 2142 culpa
652 2061 817 2124 mereatur.
862 2057 1030 2125 Praemisit
1063 2061 1170 2124 autem
1190 2059 1223 2123 in
1245 2058 1354 2124 eadam
1376 2055 1434 2122 ho·

226 2168 312 2235 milia
344 2168 413 2254 ipso
434 2167 549 2248 dicens,
585 2168 732 2254 quoniam
764 2169 883 2254 ligandi
915 2173 1009 2252 atque
1044 2169 1183 2236 soluendi
1216 2170 1376 2253 potestate
1398 2184 1432 2231 se

226 2279 337 2366 privat,
350 2279 402 2364 qui
424 2279 505 2344 hano
527 2299 583 2363 pro
606 2299 681 2348 6666
701 2281 872 2347 uoluntatis
888 2280 1024 2347 motibus
1041 2285 1073 2348 et
1086 2301 1149 2348 non
1162 2299 1217 2365 pro
1234 2279 1433 2346 subditorum

226 2391 366 2458 moribus
389 2394 517 2458 6666661.
561 2392 703 2476 Itemque
724 2393 906 2472 notandum,
944 2393 1026 2476 quod
1048 2410 1111 2458 non
1132 2391 1178 2457 ait
1200 2391 1354 2457 sententia
1376 2407 1433 2474 pa-

228 2500 322 2568 storis
344 2501 433 2587 gregi
455 2502 624 2569 tenenda
646 2504 701 2570 sed
722 2503 902 2568 timenda
924 2505 981 2568 ost.
1020 2503 1053 2568 Is
1075 2505 1180 2568 autem
1204 2501 1339 2585 pastoris
1361 2519 1433 2566 sen·

228 2611 360 2679 tentiam
382 2631 444 2679 non
467 2615 639 2680 contemnit
662 2615 716 2680 sed
738 2615 838 2694 timet,
874 2614 938 2698 qui,
961 2618 997 2681 ut
1019 2613 1079 2679 sibi
1101 2614 1232 2694 uidetur,
1255 2611 1372 2696 injuste
1393 2611 1432 2676 li·

227 2729 321 2810 gatus
342 2726 392 2792 rel
413 2726 454 2791 ad
475 2725 626 2810 majorem
649 2727 794 2811 confugit
816 2726 1006 2793 audientiam
1027 2727 1077 2792 661
1099 2725 1127 2790 61
1150 2723 1251 2808 major
1273 2722 1432 2788 audientia

227 2853 290 2902 non
312 2839 360 2902 est
381 2839 484 2901 totum
506 2842 538 2904 st
559 2839 662 2903 solum
684 2838 715 2903 id
739 2840 822 2921 quod
844 2840 949 2922 potest
970 2837 1047 2903 facit
1066 2836 1166 2903 eidem
1187 2835 1306 2920 pastori
1328 2837 1360 2901 st
1382 2854 1433 2901 sc·

228 2947 340 3015 clesiao
361 2965 452 3014 suam
474 2949 652 3033 exponendo
674 2944 893 3014 innocontiam.
913 2947 973 3015 Sed
996 2949 1071 3015 haec
1090 2952 1122 3014 ot
1144 2951 1247 3014 cetera
1269 2945 1432 3030 ejusmodi,

229 3060 265 3124 ut
287 3058 484 3139 dictumest,
518 3060 556 3125 do
576 3060 631 3125 illo
654 3062 779 3142 pastore
813 3060 974 3126 sentienda
1011 3063 1085 3126 sunt
1120 3057 1210 3144 cujus
1233 3058 1380 3124 cathedra
1399 3057 1433 3122 in

230 3169 409 3254 quaestione
431 3186 493 3235 non
516 3172 573 3236 661
605 3168 650 3232 At
669 3187 752 3236 nuno
774 3171 896 3253 quando
919 3170 1034 3236 (1161166
1055 3189 1125 3238 ecoe
1146 3168 1197 3235 hic
1218 3174 1268 3236 est
1289 3169 1432 3238 Christus

230 3286 286 3350 aut
309 3301 380 3350 6666
402 3281 465 3348 illic
487 3280 659 3348 autetiam
691 3299 790 3364 neque
819 3281 871 3347 hic
894 3282 1086 3366 6666611116,
1110 3299 1145 3346 66
1169 3280 1433 3365 6661616166666

230 3392 346 3461 Christi
368 3391 514 3459 cathedra
535 3392 567 3455 in
583 3389 764 3475 quaestione
787 3393 844 3471 sit3
864 3409 938 3457 uam
960 3392 1029 3472 1616,
1053 3391 1151 3476 ajunt,
1174 3411 1231 3478 per
1253 3391 1433 3458 schismati·

230 3521 300 3570 cam
322 3500 583 3586 conspirationem
605 3519 642 3567 ac
664 3501 866 3568 simoniacam
888 3502 1028 3585 irrepsit3
1051 3503 1104 3569 alii
1126 3521 1199 3569 vero
1223 3501 1432 3582 (1661161616

230 3613 432 3680 tumultuario
452 3611 567 3698 irmpit
589 3613 664 3678 dum
685 3613 802 3700 grande
823 3611 990 3680 concilium
1005 3612 1109 3697 hujus,
1132 3613 1217 3680 aliud
1239 3632 1312 3680 vero
1335 3630 1433 3696 aeque

230 3726 346 3813 grande
378 3727 426 3791 vol
447 3724 596 3810 grandius
619 3725 756 3806 61166166,
791 3743 916 3792 causam
952 3725 1059 3791 tuetur
1081 3728 1113 3791 et
1133 3724 1210 3809 ojus,
1245 3723 1297 3808 qui
1320 3742 1357 3790 66
1378 3722 1434 3788 ad·

230 3856 318 3906 verso
352 3840 401 3904 est
421 3835 580 3921 improbat
601 3840 633 3904 et
654 3838 782 3904 damnat
815 3837 951 3921 dumque
983 3835 1145 3921 utriusque
1167 3836 1300 3902 Romani
1331 3834 1433 3902 vocati

230 3947 391 4018 Pontificio
413 3949 502 4014 tanto
524 3946 647 4015 16611166
670 3949 825 4016 666166116
847 3947 1066 4031 contemnitur,
1090 3949 1206 4034 quanto
1227 3947 1341 4014 minori
1364 3944 1434 4012 nni·

334 4208 353 4280 ¹)
371 4211 456 4267 Math.
476 4210 520 4267 23.
540 4210 566 4266 2.

332 4306 353 4378 ²)
371 4310 429 4367 cod.
449 4312 607 4366 6661661166.

330 4406 352 4478 ³)
370 4410 466 4466 HomiL
485 4409 530 4468 29.
549 4412 577 4464 in
596 4408 695 4477 116666.
714 4409 771 4466 edit
789 4409 874 4465 Paris.
895 4408 967 4466 1705
987 4411 1047 4466 coll.
1067 4409 1147 4468 1556.
1176 4410 1225 4468 lib.
1245 4407 1280 4466 11.
1300 4409 1367 4465 hom.
1386 4409 1430 4468 26.

373 4507 448 4578 Gorp.
465 4509 517 4577 jnr.
538 4506 601 4565 Cau.
620 4525 642 4564 c.
662 4510 681 4566 1.
702 4506 730 4564 G.
749 4509 799 4564 XI.
819 4525 862 4578 66.
880 4509 906 4566 3.
