3084 5196
1132 377 1135 384 “
1192 408 1253 476 ιιι

31 533 32 610 Ῑ
89 591 166 642 onnes
194 573 370 660 provincias
402 576 527 662 imperii
557 579 605 646 rui
638 577 798 663 episcopos
831 579 1016 646 investiendi
1046 581 1187 666 potestas
1210 579 1254 648 eie

87 687 169 754 ιιιιιιι
190 689 248 768 ιιι,
271 687 317 752 ita
338 691 374 754 ut
394 686 455 752 nisi
476 705 584 754 eorum
606 706 759 757 consensu
781 689 916 758 electum
931 707 988 782 per
1003 709 1055 758 eos
1071 691 1255 758 investitum

85 804 159 870 nulus
180 802 378 870 consecrandi
400 801 582 869 facultatem
602 802 748 883 haberet;
772 804 818 870 sic
841 807 946 869 tamen
969 805 1005 870 ut
1025 803 1134 872 electio
1158 802 1254 872 simul

86 921 106 982 ιι
114 916 256 983 nuestitio
272 918 367 1000 atque
382 915 571 981 consecratio
586 913 705 1000 absque
717 915 808 1000 pretii
825 916 1001 982 interventu
1016 913 1256 982 celebrarentur.

85 1027 111 1093 lt
124 1029 175 1094 hac
196 1029 324 1112 quidem
336 1029 493 1112 potestate
507 1024 568 1092 sibi
583 1045 730 1094 concessa
744 1027 839 1094 iidem
854 1026 1057 1112 imperatores
1072 1026 1114 1094 ad
1131 1030 1256 1112 tempus

85 1141 194 1206 modeste
215 1140 266 1206 usi
288 1144 371 1206 sunt.
394 1138 511 1204 Verum
526 1138 709 1204 succedente
727 1141 867 1223 tempore
882 1138 957 1222 quia
970 1139 1172 1223 imperatores
1189 1157 1257 1205 mo·

84 1250 135 1316 lm
145 1268 233 1316 suum
247 1250 428 1335 ignorantes
440 1267 501 1314 non
513 1249 546 1314 in
556 1267 685 1315 numero
697 1249 958 1315 consentientium
971 1249 1027 1315 sed
1037 1249 1131 1334 primi
1142 1249 1257 1317 distur-

83 1357 195 1427 bmtium
214 1363 311 1428 immo
336 1361 609 1428 exterminantium
630 1380 699 1429 esse
714 1364 892 1446 coeperunt
915 1363 1082 1448 aliquando
1107 1363 1202 1428 ctiam
1225 1362 1257 1430 in

82 1474 205 1540 sinonise
226 1473 381 1540 haeresim
396 1491 432 1538 ac
448 1472 584 1540 schisma
606 1473 743 1557 prolapsi
765 1473 840 1538 dum
856 1490 949 1556 super
963 1473 1013 1538 his
1029 1474 1258 1559 corriperentur

82 1585 222 1652 otholicae
244 1585 355 1651 matris
379 1584 526 1650 ecclesiae
545 1583 698 1649 unitatem
730 1582 914 1666 impugnare
935 1582 1040 1648 conati
1062 1586 1145 1664 sunt,
1168 1601 1259 1651 sanc·

82 1696 163 1762 ιιιιιιιι
180 1701 306 1782 patrum
329 1700 448 1763 statuta
470 1696 618 1762 adversus
642 1712 694 1760 eos
717 1694 910 1779 prodierunt
934 1698 969 1759 ut
991 1697 1091 1761 semet
1113 1697 1258 1763 electioni

81 1824 124 1872 non
142 1808 318 1890 insererent,
358 1811 390 1874 et
420 1807 561 1893 quisquis
595 1824 703 1872 eorum
725 1804 874 1889 suffragio
907 1805 1069 1870 ecclesiam
1105 1805 1258 1874 obtineret

80 1919 259 1987 anthematls
294 1919 416 1986 uinculo
450 1919 659 1984 innodaretur.
704 1916 868 1983 Postremo
891 1915 1106 1998 praesentibus
1127 1917 1159 1983 in
1181 1917 1258 1984 urbe

80 2028 167 2114 legatis
197 2031 422 2114 imperatorum
444 2030 475 2093 et
496 2025 680 2094 inconsultis
715 2026 879 2093 electiones
901 2026 1116 2094 Romanorum
1149 2029 1258 2096 Ponti-

80 2138 152 2208 ficum
170 2143 315 2228 legrmtur
336 2137 519 2206 celebratae.
557 2137 706 2206 Consenti
741 2157 863 2223 quoque
884 2139 1089 2224 imperatores
1110 2142 1255 2226 religioso

79 2255 169 2321 nentis
189 2253 304 2320 aflectu
325 2251 475 2339 praefatis
509 2249 677 2335 privilegiis
710 2251 975 2331 renuntiaverunt,
1012 2252 1113 2346 multa
1133 2252 1259 2342 insuper

79 2363 181 2432 donario
210 2364 359 2432 ecclesiae
385 2361 589 2430 conferentes.

470 2500 581 2570 cap.
600 2499 847 2558 Lxxxvn

384 2625 514 2694 statuta
536 2623 650 2693 Karoli
673 2624 707 2692 ot
729 2624 937 2713 lrnclouici.¹)

155 2787 241 2855 Unde
252 2787 389 2854 Karolus
405 2789 437 2854 et
451 2785 614 2853 Luduicus
637 2787 767 2874 gloriosi
788 2788 991 2873 imperatores
1010 2789 1043 2855 in
1056 2788 1157 2875 primo
1177 2787 1257 2855 libro

76 2900 262 2984 capitulorum
296 2917 425 2965 suorum
444 2901 639 2966 statuerunt:
684 2898 851 2965 Sacrorum
885 2918 1039 2976 canonum
1061 2919 1124 2967 non
1146 2901 1257 2988 ignari,

74 3013 99 3073 ut
116 3010 146 3076 in
165 3012 222 3077 Dei
254 3010 380 3076 nomine
413 3012 522 3075 sancta
555 3009 685 3076 ecclesia
718 3028 775 3075 suo
808 3010 935 3078 liberius
957 3013 1096 3097 potiatur
1130 3011 1257 3092 honore,

73 3134 216 3186 assensum
250 3121 350 3190 ordini
384 3119 592 3187 ecclesiastico
615 3119 811 3205 praebemus,
849 3127 886 3188 ut
908 3125 1027 3192 scilicet
1049 3124 1186 3210 episcopi
1204 3144 1259 3209 per

73 3230 235 3300 electionem
269 3234 344 3300 cleri
366 3238 397 3300 et
418 3235 526 3319 populi
548 3233 720 3301 secundum
754 3237 873 3301 statuta
895 3253 1048 3302 canonum
1073 3235 1111 3301 dc
1132 3237 1259 3321 propria

72 3340 197 3426 dioecesi,
229 3349 350 3412 remota
383 3363 585 3430 personarum
618 3349 649 3410 et
677 3363 843 3410 munerum
878 3348 1067 3433 acceptione,
1103 3346 1142 3414 ob
1176 3348 1258 3414 vitoe

72 3455 201 3520 neritum
223 3461 254 3524 et
276 3457 445 3542 sapientiae
459 3457 575 3522 donum
591 3456 785 3544 eliganturfl)
802 3496 843 3506 -
859 3459 937 3526 Item
958 3462 1087 3545 paetum
1103 3458 1256 3524 constitu·

71 3563 151 3634 tionis
172 3569 265 3654 primi
287 3568 424 3634 Ludwici
455 3569 650 3653 imperatoris
673 3589 744 3636 curn
767 3570 916 3638 Romanis
939 3569 1157 3637 Pontificibus.

459 3756 569 3825 cap.
588 3755 858 3815 Lxxxvn.

286 3879 448 3948 sumtum
470 3880 634 3950 Lnlcwici
656 3884 754 3971 primi
776 3882 991 3972 imperatoris.
1008 3884 1034 3970 ⁸)

156 4039 219 4124 Ilgo
240 4041 422 4108 Ludeuicus
456 4044 627 4128 imperator
648 4043 812 4130 Augustus
846 4048 950 4111 statuo
985 4050 1016 4112 et
1036 4044 1168 4114 concedo
1200 4063 1258 4128 per

69 4139 118 4212 hoc
137 4154 260 4233 pactum
283 4151 526 4219 confirmationis
556 4158 681 4221 nostrae
711 4155 768 4221 tibi
790 4155 881 4222 beato
903 4156 997 4224 Petro
1019 4153 1150 4242 principi
1172 4153 1259 4238 Apo·

160 4312 178 4384 ¹)
195 4316 278 4371 Pertz.
300 4319 416 4369 Monuni.
436 4319 555 4371 German.
575 4318 656 4381 Leges
675 4317 697 4369 I.
717 4317 779 4371 ⁶206.
799 4318 824 4372 2.
846 4317 947 4387 (scula).

158 4412 178 4482 ²)
195 4413 285 4470 Ohron.
308 4415 399 4467 Reiclr.
419 4416 453 4468 ad
471 4433 494 4470 a.
514 4415 576 4472 849.

158 4505 180 4574 ³)
197 4507 279 4563 Perta.
299 4509 415 4561 Menum.
437 4508 553 4562 German.
576 4509 657 4573 Leges
677 4504 713 4563 ΙΙ.
734 4509 762 4563 Β.
783 4509 807 4561 s.
829 4506 911 4575 (Strilz
931 4523 988 4576 pag.
1011 4505 1084 4584 160.)
