3158 5212
1355 461 1376 524 3

266 622 407 705 Reliqua
431 625 541 706 magni
565 622 709 688 Gethohi
732 623 855 707 scripta
878 629 967 688 sunt:

264 741 300 829 1)
325 744 423 810 Liber
445 745 485 810 de
510 743 660 810 aedificio
690 742 754 810 Dei
776 742 819 809 ad
843 742 1031 809 Ohunonem
1055 748 1243 830 episcopum
1265 747 1373 812 Ratis·

322 847 498 914 bonensom
532 886 571 896 —-
604 845 930 916 ed.Be1nhardPen
963 847 998 913 in
1031 848 1188 916 Thesaur.
1222 848 1372 916 anecdot.

321 951 442 1018 noviss.
466 953 509 1018 ΙΙ.
532 953 575 1018 II.
599 953 672 1019 223.

263 1055 300 1140 2)
323 1056 484 1139 Dialogus
507 1055 547 1121 de
571 1057 755 1122 differentia
787 1056 872 1118 Intor
906 1054 1068 1121 (llerioum
1099 1060 1301 1124 saecularem
1339 1061 1373 1122 et

319 1160 501 1244 regularem
516 1159 560 1226 ad
576 1160 801 1226 Innooentium
825 1159 867 1224 II.
892 1159 1025 1244 Papam.
1050 1161 1115 1227 Pez
1137 1162 1235 1229 Theo.
1258 1160 1371 1228 aneod.

321 1264 587 1332 sshwffl.

260 1393 297 1481 3)
320 1398 470 1484 Epistola
496 1401 540 1467 ad
560 1397 784 1466 Eberhardum
807 1395 906 1480 epioe.
951 1395 1266 1480 Babenbergensem,
1290 1414 1369 1478 quo·

316 1501 413 1569 modo
435 1504 612 1570 seeundum
635 1524 650 1569 s
676 1501 837 1567 Hilarium
870 1499 1110 1583 glorificaturus
1145 1500 1247 1566 filium
1269 1499 1369 1564 Pater

318 1605 432 1690 major,
468 1608 669 1691 glorificatus
703 1611 813 1670 autem
847 1604 951 1670 Filius
981 1606 1086 1670 minor
1112 1625 1178 1670 non
1200 1604 1263 1687 nit,
1297 1623 1371 1669 oum

319 1708 352 1773 in
387 1710 544 1796 Symbola
573 1709 746 1778 Athanasii
777 1708 881 1775 Filius
904 1709 1052 1791 aequalis
1075 1708 1165 1774 Patri
1188 1706 1366 1774 secundum

318 1813 543 1898 Divinitatem‚
581 1815 685 1881 minor
717 1813 816 1878 Patre
859 1811 1037 1879 seeundum
1059 1812 1296 1880 humanitatem
1320 1811 1369 1877 ‹li-

319 1924 420 1985 oatur.
444 1919 509 1985 Pez
531 1919 613 1986 theo.
637 1919 663 1985 I.
687 1918 731 1983 II.
755 1917 828 1984 315.

256 2017 295 2105 4)
320 2020 419 2089 Liber
440 2029 555 2092 eontra
576 2023 659 2091 duas
681 2022 833 2090 haereses
855 2022 906 2089 sui
928 2023 1084 2109 temporis
1099 2022 1142 2089 ad
1154 2021 1369 2089 Godot‘ridum

316 2125 469 2192 abbatem
491 2126 756 2194 Admuntensem.
780 2128 844 2193 Peu
867 2127 948 2194 theo.
972 2129 998 2193 1.
1020 2128 1050 2194 2.
1075 2129 1135 2194 ool.
1149 2128 1222 2195 283.

255 2224 293 2313 5)
316 2229 414 2297 Liber
437 2230 478 2297 de
493 2231 599 2316 gloria
613 2231 779 2297 ethonore
803 2231 880 2296 Filii
903 2230 1053 2314 hominis,
1077 2230 1121 2297 ad
1143 2230 1367 2297 Eberhardum

319 2334 599 2423 arehiepiscopum
622 2335 903 2418 salzburgensem.
931 2336 995 2400 Pon
1018 2335 1100 2401 thes.
1124 2335 1152 2401 Ι.
1174 2336 1205 2401 2.
1230 2334 1302 2400 165.

254 2435 290 2523 6)
315 2438 489 2507 Tractatum
522 2440 680 2506 advorsus
714 2438 926 2506 Simoniaooo.
961 2439 1050 2526 apud
1084 2441 1231 2506 Martene
1265 2439 1363 2506 Theo.

312 2561 417 2609 novus
439 2545 553 2611 aneod.
577 2550 655 2611 tom.
677 2545 716 2610 V.
740 2564 773 2629 p.
798 2543 891 2610 1459.

254 2643 290 2732 I)
314 2645 574 2716 Commentarius
596 2648 631 2714 in
653 2647 802 2715 Psalmos
825 2653 858 2713 ot
880 2647 1024 2732 quidem:

368 2749 404 2836 a)
427 2751 462 2818 in
484 2754 554 2820 Pas.
580 2754 728 2820 1-20-
751 2753 815 2817 Pez
838 2752 920 2820 thos.
941 2754 980 2819 V.

369 2853 406 2940 b)
429 2856 464 2921 in
485 2857 555 2924 Pso.
579 2858 753 2923 21-30-
774 2856 896 2922 ibidem

367 2956 400 3045 o)
423 2960 457 3026 in
480 2963 550 3028 Poe.
573 2963 744 3028 31-37-
774 2961 882 3028 adhue
914 2961 1070 3042 ineditum
1109 2960 1169 3027 aed
1201 2966 1295 3028 extat
1327 2962 1361 3027 in

425 3065 539 3132 eodioe
560 3066 748 3132 Monacensi
773 3068 887 3133 16012.

366 3166 403 3254 d)
426 3169 460 3254 in
481 3171 551 3237 Pas.
575 3171 747 3237 38-44-
776 3171 841 3236 Pez
863 3171 945 3237 theo.
969 3173 1007 3238 V.

364 3270 398 3359 e)
422 3273 456 3339 in
479 3275 548 3342 Pas.
571 3276 746 3342 45-50-
774 3274 992 3356 desideratum

364 3375 393 3462 f)
417 3380 451 3443 in
473 3379 542 3446 Pas.
566 3380 696 3446 51—64
715 3380 780 3444 Pen
795 3377 877 3446 thes.
894 3382 932 3447 V.
950 3378 1225 3444 commentarium
1247 3378 1282 3444 in
1304 3379 1357 3444 Po.

414 3483 531 3550 LXIV.
545 3484 614 3550 sive
637 3484 679 3550 de
701 3492 853 3568 corrupto
876 3482 1033 3550 ecelesiae
1050 3488 1139 3549 statu
1154 3482 1229 3549 vide
1246 3483 1359 3548 etiam:

412 3587 539 3653 Balunii
573 3589 752 3655 Misoellam
787 3589 859 3656 libr.
883 3590 921 3656 V.
957 3610 987 3674 p.
1011 3591 1063 3655 63.
1087 3587 1254 3654 Gallandii
1275 3586 1352 3652 Bib-

415 3691 506 3757 lioth.
530 3693 618 3759 Patr.
642 3699 720 3759 tom.
744 3693 833 3760 XIV.

361 3792 399 3879 g)
422 3795 456 3860 in
478 3797 530 3862 Ps.
555 3796 683 3863 65-78
730 3798 794 3862 Pez
817 3799 899 3866 thes.
924 3801 961 3865 V.

360 3895 397 3984 h)
421 3898 455 3964 in
478 3900 529 3966 Pu.
556 3901 727 3967 118-150
753 3927 778 3984 „·
850 3954 869 3985 ,‚
925 3954 944 3986 „

245 4015 282 4105 8)
305 4019 505 4106 Opusoulum
520 4022 563 4088 ad
580 4023 773 4092 Cardinales
795 4026 845 4093 ed.
862 4028 944 4110 Ilng.
956 4024 1168 4092 Mllhlbaoher
1183 4026 1217 4090 in
1232 4023 1353 4089 Arohiv

302 4124 355 4190 fllr
388 4127 656 4194 osterreiohisohe
689 4128 1020 4215 Gosehiohtsquellen.
1065 4128 1200 4197 XLVII.
1222 4127 1283 4194 Bd.
1307 4128 1350 4192 II.

301 4229 415 4295 Halfte
437 4249 514 4314 pag.
539 4231 613 4298 355.

245 4353 281 4443 9)
305 4362 496 4444 opuseulum
518 4360 560 4427 de
582 4382 679 4430 sensu
705 4364 878 4431 verborum
900 4385 926 4432 o.
949 4363 1123 4432 Athanasii
1145 4365 1180 4430 in
1201 4361 1351 4448 symbolo

300 4501 340 4512 -
385 4463 474 4531 edidi
506 4466 540 4531 in
575 4466 716 4536 Oesterr.
753 4468 1084 4556 Viartelsjahrsohrilt
1126 4467 1180 4535 tur
1223 4465 1348 4533 kathol.

300 4567 489 4655 Theologie.
517 4571 608 4638 1811.
634 4574 714 4639 Heft
736 4574 803 4658 IV.,
826 4594 980 4642 unacum:
1207 4671 1246 4742 1*
