3158 5212
222 415 264 482 38

221 583 347 652 Sanctis
380 584 449 664 Dei,
484 581 622 648 maxime
654 583 760 645 autem
794 577 1016 661 sacerdotibus,
1052 599 1108 664 per
1140 582 1243 646 totam
1275 578 1418 647 Africam

219 694 451 781 persecutiones
473 693 654 771 intulerunt,
679 709 757 775 quae
780 689 884 757 omnia
904 689 969 755 suis
984 691 1061 756 locis
1077 690 1198 776 digesta
1209 689 1416 768 inueniuntur,

220 824 276 872 nos
300 824 421 890 quoque
452 807 545 888 prout
567 803 784 889 opportunitas
806 806 942 890 poscet1)
979 801 1234 868 memorabimus.
1273 800 1323 866 Aa
1344 819 1416 867 uero

221 917 321 983 sancti
353 917 411 982 Dei
444 914 636 982 confessores
663 919 694 980 et
716 914 858 982 doctores
890 916 1039 995 Hilarius,
1073 913 1273 993 Ambrosius,
1307 909 1418 995 Augu·

220 1028 321 1093 stinus
344 1027 457 1110 aliique
477 1025 615 1092 illustres
638 1025 696 1090 viri
717 1044 774 1111 pro
797 1026 858 1092 fide
880 1026 1031 1094 catholica
1042 1045 1169 1092 murum
1181 1045 1214 1091 se
1226 1025 1417 1110 opponentes

220 1128 340 1202 tamdiu
362 1137 521 1203 mendacio
554 1135 738 1202 restiterunt
764 1139 861 1205 donec
890 1138 1045 1203 damnatis
1067 1134 1246 1202 haeresibus
1263 1134 1417 1219 judicium

221 1266 330 1314 acrum
351 1248 391 1312 ad
412 1247 574 1314 victoriam
596 1247 747 1332 pervenit.

710 1661 820 1728 Gap.
840 1658 936 1714 XV.

220 1785 266 1852 lle
281 1785 364 1853 actis
378 1783 532 1853 Antiochi
543 1783 720 1874 llpiphanis
735 1783 788 1852 cui
803 1782 905 1851 statui
919 1781 1077 1852 ecclcsiae
1091 1783 1199 1872 typice
1214 1781 1419 1852 conveniant.

322 1971 429 2037 Tertio
451 1991 508 2057 per
530 1970 721 2037 Antiochum
741 1969 926 2055 Epiphauen
958 1971 1065 2036 eadem
1087 1971 1198 2036 domus
1219 1971 1279 2036 Dei
1309 1987 1419 2034 manu·

221 2084 332 2165 sacal)
365 2083 452 2149 illato
474 2083 507 2148 in
529 2100 598 2148 eam
620 2085 827 2168 statunculae)
861 2085 950 2150 lovis
974 2081 1183 2150 contaminata
1217 2085 1265 2148 est
1286 2081 1420 2166 talisque

222 2194 411 2260 abominatio
434 2193 634 2259 desolationis
665 2194 698 2259 in
716 2194 785 2260 loco
808 2199 914 2261 sancto
937 2215 994 2281 per
1015 2199 1079 2262 tres
1102 2213 1199 2261 annos
1222 2195 1319 2276 stetit,
1347 2213 1419 2260 cunr

222 2308 254 2370 et
276 2305 384 2371 civitas
407 2305 584 2371 Jerusalem
613 2322 670 2389 par
692 2323 745 2370 sex
767 2323 864 2371 annos
888 2309 1009 2372 vastata
1026 2307 1154 2391 jaceret,
1186 2325 1246 2392 quo
1269 2309 1420 2391 tempore,

222 2419 258 2481 ut
278 2414 357 2481 liber
379 2414 640 2482 Machahaeorum
663 2416 810 2497 continet,
841 2415 1044 2503 pastophoria
1075 2420 1185 2506 templi
1207 2418 1311 2483 diruta
1333 2421 1365 2483 et
1386 2418 1421 2483 in

222 2528 310 2593 atriis
344 2528 480 2613 virgulta
512 2532 586 2594 nata
622 2533 704 2609 sunt,
728 2549 800 2596 curn
823 2532 853 2596 et
874 2531 1049 2616 impudicae
1082 2531 1226 2596 mulieres
1260 2530 1355 2594 sacris
1387 2548 1421 2595 sc

223 2636 350 2704 aedibus
362 2639 444 2705 ultro
455 2638 638 2725 ingerebant
648 2640 867 2707 introferentes
890 2659 968 2725 quae
989 2641 1036 2708 fas
1059 2660 1121 2706 non
1143 2645 1191 2706 est
1212 2644 1244 2706 et
1265 2641 1420 2725 templum

224 2750 534 2818 commessationibus
556 2753 685 2838 plenum
706 2751 767 2817 luit
798 2753 859 2817 hoc
877 2753 1086 2839 praecipiente
1107 2756 1181 2819 tuuc
1204 2755 1235 2819 et
1257 2751 1420 2817 tormentis

224 2860 362 2945 exigente
384 2859 551 2944 Antiocho,
586 2868 621 2930 ut
643 2863 756 2929 ludaei
778 2883 796 2929 a
817 2864 928 2950 patriis
955 2866 1100 2950 translati
1121 2863 1242 2950 legibus
1263 2864 1303 2929 ad
1324 2863 1420 2929 ritum

223 2971 388 3055 gentilium
410 2973 587 3054 transirent,
612 2978 761 3058 quatenus
785 2975 885 3040 omnis
907 2975 1043 3061 populus
1066 2978 1149 3042 esset
1170 2975 1306 3061 populus
1328 2993 1420 3042 unus.

225 3081 282 3147 Oui
302 3081 458 3167 impietati
480 3082 580 3148 ludas
613 3084 731 3150 restitit
752 3083 961 3151 Machabaeus
985 3089 1016 3151 ct
1037 3085 1149 3152 fratres
1173 3085 1239 3170 ejus
1262 3089 1293 3151 et
1314 3089 1421 3171 prote·

225 3193 317 3275 gente
340 3209 392 3256 eos
414 3192 549 3259 Domino
582 3195 615 3259 in
649 3195 793 3262 manibus
816 3215 923 3262 eorum
953 3216 1031 3282 opus
1053 3200 1274 3285 prosperatum
1296 3200 1353 3276 est,
1375 3197 1421 3262 ita

224 3304 269 3379 ut,
293 3319 365 3366 curn
388 3307 492 3369 essent
513 3305 615 3389 pauci,
639 3304 676 3370 de
698 3307 820 3391 maguis
833 3308 958 3392 regibus
974 3327 1010 3374 ac
1022 3308 1059 3373 de
1069 3309 1271 3374 multitudine
1281 3307 1421 3374 hostium

225 3410 453 3496 triumpharent
490 3416 595 3500 sicque
631 3417 757 3482 tandem
791 3417 949 3484 civitatem
981 3423 1013 3484 et
1044 3421 1199 3506 templum
1237 3421 1421 3505 reciperent.

226 3521 293 3606 Quo
307 3524 348 3588 in
369 3528 510 3612 tempore
543 3529 752 3595 sacerdotium
787 3548 908 3614 quoque
941 3532 1048 3596 renale
1069 3531 1154 3617 apud
1174 3549 1280 3616 regern
1301 3530 1421 3597 factum

229 3637 316 3722 est.⁴)
339 3636 423 3702 Nam
444 3637 543 3705 Jason
573 3639 735 3740 proprium
756 3639 886 3707 fratrem
907 3641 1019 3709 Oniarn
1040 3643 1140 3708 virum
1164 3641 1320 3728 optimum
1340 3640 1421 3706 datis

226 3765 261 3814 ac
282 3747 446 3832 promissis
482 3749 621 3833 pecuniis
653 3770 726 3817 cum
757 3753 989 3838 subplantasset
1022 3756 1114 3837 atque
1146 3753 1179 3818 in
1212 3754 1421 3840 capitulatae)

226 3858 376 3924 detineret
407 3857 490 3923 idem
522 3860 661 3927 lasona
683 3863 825 3930 Menelao
860 3865 1077 3951 subplantatus
1100 3869 1158 3947 est,
1193 3871 1422 3952 superponente

228 4027 475 4038 .-..-.-----

297 4191 298 4194 ¹
329 4121 348 4192 ¹)
366 4125 421 4178 cod.
442 4129 535 4190 posset.

328 4223 348 4292 2)
367 4222 423 4276 cod.
443 4222 591 4277 manufacti.

327 4321 348 4392 8)
368 4326 451 4374 statua
469 4338 557 4389 parra,
576 4324 749 4379 simulacrum.

327 4424 348 4491 ⁴)
369 4423 436 4478 ocul.
455 4423 506 4476 Pez
526 4425 589 4478 thes.
609 4427 699 4480 anecd.
720 4431 777 4479 lom.
796 4427 828 4483 v.
849 4427 897 4481 ccl.
918 4425 980 4481 ccl.

330 4521 349 4594 ⁵)
368 4522 424 4576 cod.
444 4523 623 4588 captiuitatem.
