3158 5212
559 785 669 853 oap.
689 784 853 841 XVIII.

98 907 305 977 decivitate
328 907 435 976 datae
463 909 497 978 et
519 927 619 977 uxore
640 909 813 976 Israelitae
835 909 1045 998 constuprata
1066 908 1232 999 adoptatio
1263 910 1305 978 ad

498 1019 590 1088 illius
612 1020 766 1108 temporis
789 1021 917 1088 statum.

202 1208 249 1273 Ito
270 1208 302 1272 in
322 1210 461 1291 tempore
476 1207 671 1273 miserrimus
694 1210 760 1272 erat
783 1210 884 1273 status
907 1211 938 1272 et
960 1206 1055 1274 facies
1078 1209 1234 1290 ecelesiae,
1257 1209 1300 1275 ita

96 1324 134 1385 ut
156 1337 224 1384 non
245 1316 336 1382 facile
358 1321 500 1384 occurrat
529 1318 578 1383 cui
599 1318 667 1382 loco
692 1319 915 1402 scripturarum
942 1320 1084 1384 decenter
1105 1317 1205 1402 pessit
1225 1319 1306 1385 assi-

94 1431 216 1496 milari.-
259 1428 353 1495 Venit
375 1432 479 1494 temen
501 1430 693 1496 innuentem
726 1431 763 1495 de
796 1449 890 1494 uxore
912 1427 1073 1495 israelitae
1109 1429 1301 1514 temporibus

93 1541 240 1607 iudicum
273 1558 292 1606 a
323 1539 395 1606 viris
432 1539 567 1605 civitatis
590 1539 697 1607 Gabaa
734 1560 832 1625 usque
867 1541 906 1604 ad
940 1543 1073 1606 mortem
1109 1543 1176 1607 tota
1208 1544 1299 1607 nocte

91 1653 233 1734 illusa.¹)
270 1653 372 1734 Quam
394 1651 441 1715 vir
463 1671 538 1716 cuns
561 1670 652 1717 mane
673 1651 705 1716 in
725 1652 832 1717 limine
855 1652 965 1716 domus
987 1652 1141 1734 protensis
1157 1651 1301 1717 manibus

93 1767 260 1829 mortuam
281 1762 440 1827 inveniens
473 1781 509 1828 ae
532 1763 659 1828 domum
681 1763 768 1828 asino
799 1764 979 1846 impositam
1001 1763 1147 1828 revehens
1170 1764 1202 1826 in
1224 1765 1302 1828 duo·

92 1873 202 1940 decim
234 1873 336 1938 frusta
369 1873 503 1938 concidit
536 1873 642 1957 sicque
669 1873 774 1939 missis
796 1874 938 1957 partibus
961 1875 993 1938 in
1016 1875 1176 1940 duodecim
1200 1873 1316 1940 tribus

90 1985 197 2050 Israel
225 2002 333 2049 omues
376 1985 415 2048 ad
457 1985 687 2050 miserationem
732 1989 763 2050 et
796 1986 949 2052 vindictae
986 1987 1085 2051 zelum
1122 1988 1300 2052 commovit.

91 2097 159 2161 Pro
198 2112 260 2178 qua
294 2114 327 2160 re
362 2095 456 2160 etiam
489 2094 529 2159 ab
565 2095 717 2161 uniuersis
754 2095 786 2159 in
824 2115 920 2160 unum
956 2095 1152 2180 congregetis
1189 2096 1302 2161 acriter

91 2207 195 2273 semel
216 2224 254 2271 ao
277 2207 410 2271 secundo
446 2225 517 2272 oum
541 2209 641 2272 multe
672 2227 800 2271 suorum
833 2209 938 2292 strage
960 2226 1015 2290 pro
1034 2206 1159 2288 justitie
1194 2209 1301 2272 contra

91 2317 179 2382 viros
212 2315 299 2382 urbis
335 2314 441 2382 Gabaa
478 2336 513 2380 er
549 2319 712 2400 praecepto
746 2317 872 2382 Domini
906 2317 1087 2382 dimicatum
1124 2321 1192 2396 est,
1229 2321 1299 2384 tan-

91 2428 228 2510 demque
260 2426 355 2491 tertio
389 2444 559 2510 congressu
593 2427 720 2492 obtenta
754 2428 884 2493 victoria
920 2431 951 2494 et
987 2428 1031 2493 ita
1067 2427 1202 2493 universi
1240 2427 1298 2492 riri

91 2537 233 2604 civitatis
256 2535 364 2602 cauae
386 2557 458 2603 cum
481 2537 629 2602 fratribus
663 2540 727 2604 suis
751 2538 943 2622 benjaminae
966 2537 1067 2604 tribus
1097 2538 1172 2604 viris
1207 2539 1299 2604 deleti

91 2650 170 2713 sunt
194 2664 328 2730 quorum
350 2650 381 2712 et
403 2647 545 2713 ciuitates
581 2651 762 2732 everterunt¹
787 2648 968 2715 mulieribus
992 2650 1086 2715 simul
1108 2653 1140 2715 et
1161 2649 1297 2733 paruulis

91 2757 249 2838 extinctis,
273 2758 317 2822 ita
340 2761 375 2822 ut
397 2758 437 2822 ad
460 2759 661 2841 reparandam
684 2759 802 2824 tribum
824 2760 971 2844 reliquiae
994 2761 1042 2825 vix
1064 2765 1203 2844 repertae
1225 2761 1297 2826 sint.

196 2869 283 2952 Quae
305 2869 387 2933 enim
410 2872 458 2933 est
480 2867 555 2933 haec
578 2870 690 2934 mulier·
725 2869 853 2935 dimisso
887 2874 974 2953 patre
997 2870 1159 2938 Israelitao
1181 2873 1298 2940 sociata

91 2981 154 3046 nisi
178 2983 289 3046 sancta
322 2980 451 3045 ecclesia
485 2981 591 3045 relicto
626 2985 715 3064 patre
746 2981 868 3046 diabolo
901 2984 950 3047 vel
973 2984 1087 3049 mundo
1110 2985 1233 3053 Christo
1266 2986 1298 3050 in

92 3090 278 3176 eonjugium
300 3092 470 3174 copulata?
513 3093 598 3174 Quae
621 3093 735 3160 totiens
757 3094 823 3158 viro
847 3095 969 3158 deserto
992 3095 1031 3158 ad
1052 3099 1173 3178 patrem
1195 3116 1299 3182 regre-

92 3203 180 3269 ditur
213 3201 356 3284 quotians
390 3203 519 3267 ecclesia
561 3203 780 3286 refrigescente
802 3204 833 3268 in
856 3224 890 3269 se
912 3204 1063 3270 charitate
1087 3206 1202 3273 Christi
1224 3208 1296 3274 huic

92 3313 211 3378 mundo
234 3313 285 3378 rel
305 3312 435 3396 principi
469 3311 535 3396 ejus
559 3312 680 3378 diabolo
703 3313 894 3380 infidelitatis
930 3317 979 3381 vel
1000 3333 1112 3399 pravae
1134 3336 1298 3386 conversa-

91 3425 188 3490 tionis
212 3421 415 3488 contubernio
432 3424 568 3490 sociatur
590 3427 644 3490 sed
666 3444 735 3491 eam
758 3425 805 3492 uir
827 3445 902 3491 suus
926 3419 1049 3493 Christo
1088 3430 1186 3494 otiens
1208 3448 1297 3495 revo-

91 3542 143 3605 oet
168 3537 313 3622 quotiens
343 3554 398 3619 per
420 3552 474 3599 cra
496 3539 659 3618 pastorum
681 3541 713 3603 et
735 3538 898 3602 doctorum
933 3539 1041 3622 suique
1064 3540 1191 3623 spiritus
1213 3540 1262 3605 inf
1282 3576 1297 3588 -

91 3649 180 3714 sione
202 3645 376 3714 dilectionis
410 3664 484 3712 suae
506 3647 538 3711 in
561 3665 597 3712 ea
619 3649 754 3714 calorem
773 3639 947 3729 resuscitat,
981 3651 1043 3716 tale
1076 3651 1150 3734 quid
1183 3650 1295 3718 blande

93 3760 200 3826 dicens
225 3758 270 3823 ei:
315 3757 420 3824 Audi
442 3757 534 3822 filie
558 3762 598 3824 et
620 3759 709 3824 vice
733 3762 771 3823 et
793 3758 947 3823 inclina
968 3777 1104 3824 aurem
1127 3764 1234 3827 tuam
1257 3766 1296 3828 et

92 3867 348 3936 obliviscere
380 3869 572 3952 populum
605 3872 717 3934 tuum
740 3873 778 3934 et
800 3869 960 3934 domum
993 3872 1128 3954 patris
1162 3873 1223 3937 tui
1257 3876 1296 3939 et

95 3979 367 4062 concupiscet
400 3999 466 4043 rer
500 3979 685 4045 decorem
722 3983 874 4064 tuum.²)
918 3978 979 4044 Sed
1001 3981 1075 4045 dum
1096 3982 1129 4046 in
1151 3982 1209 4048 hac
1231 3983 1295 4048 vita

91 4093 174 4158 inter
196 4089 348 4176 superbos
371 4108 407 4154 ac
429 4091 610 4173 pestilentes
636 4090 778 4156 homines
808 4091 942 4158 ecclesia
964 4092 1106 4174 graditur
1128 4095 1295 4159 eorundem

93 4201 300 4286 superborum
334 4217 371 4265 ac
398 4201 610 4282 pestilentium
643 4205 804 4286 tamquam
839 4202 975 4268 virorum
1008 4201 1143 4267 civitatis
1177 4200 1293 4285 (tabae,

195 4433 216 4503 ¹)
234 4433 319 4485 ludio.
340 4432 382 4486 19.
403 4437 428 4484 et
447 4432 490 4489 20.

194 4534 216 4602 ¹)
237 4533 281 4586 Ps
301 4529 346 4586 44.
366 4531 411 4586 11.
