3172 5202
258 444 321 510 114

256 617 374 683 elevare
389 615 588 679 tentaverunt
604 611 709 676 oblato
726 609 765 689 ei,
786 612 822 675 ut
838 627 906 674 mos
923 612 980 688 est,
1003 625 1058 692 per
1072 605 1325 677 archidiaconum
1340 613 1461 691 manto,

255 724 351 792 mbea
366 723 513 790 uidelicet
527 723 582 788 illa
597 737 705 807 cappa,
722 737 802 803 quae
818 719 940 804 insigne
954 719 1064 804 papale
1075 719 1132 784 est.
1156 717 1258 802 Quam
1272 718 1325 786 ille
1339 724 1462 787 vestem
1582 765 1583 770 ,

254 834 446 921 aliquamdiu
468 852 524 917 pro
546 832 723 899 humilitate
746 849 802 898 sua
824 832 968 897 renueret
984 829 1141 913 suscipere
1155 831 1283 896 tandem
1298 849 1371 897 vero
1387 850 1461 916 pre-

262 945 350 1014 cibus
378 943 513 1010 fratrum
544 945 686 1010 exoratus
715 942 856 1007 animum
886 943 917 1008 et
939 942 1033 1024 caput
1053 938 1093 1004 ad
1115 939 1348 1024 suscipiendum
1369 941 1462 1007 incli-

256 1057 345 1121 naret
361 1052 549 1120 Octauianus
573 1048 717 1116 manibus
741 1049 788 1115 uti
811 1048 923 1134 coepit,
947 1048 1070 1132 rapiens
1093 1053 1237 1116 mantum
1260 1052 1298 1118 de
1313 1052 1461 1119 manibus

257 1163 455 1232 offerentium
477 1165 509 1229 et
531 1162 662 1246 desuper
684 1160 763 1226 collo
787 1163 818 1225 et
840 1159 941 1242 capite
963 1157 1040 1243 ejus,
1072 1160 1125 1244 qui
1157 1160 1260 1228 fuerat
1282 1164 1461 1231 induendus

257 1279 290 1344 et
312 1277 357 1344 sic
378 1278 459 1342 iuter
488 1293 598 1340 manus
627 1273 700 1338 hinc
726 1272 799 1338 iude
821 1271 1013 1337 trahentium
1035 1274 1160 1337 mantus
1190 1272 1340 1342 discissus
1364 1282 1423 1346 est.
1438 1279 1463 1360 ²)

259 1384 333 1473 Ipse
364 1405 437 1452 sero
472 1384 663 1453 Octauianus
696 1384 794 1451 alium
820 1384 964 1448 mantum
993 1383 1030 1449 de
1061 1400 1119 1450 sua
1148 1383 1241 1450 demo
1268 1388 1401 1456 allatum
1421 1407 1463 1456 ac

259 1500 477 1584 praeparatum
500 1496 647 1564 efferente
663 1493 723 1561 sibi
746 1512 802 1561 sue
825 1495 982 1579 capellano
1005 1495 1137 1562 uestitus
1159 1500 1208 1564 est
1222 1501 1317 1583 atque
1332 1499 1365 1566 in
1381 1501 1463 1568 erni·

259 1611 433 1678 nentiorem
456 1609 624 1674 ascendens
646 1606 891 1676 locumclerum
912 1606 1052 1689 advocat,
1075 1606 1128 1692 qui
1151 1612 1292 1677 semotus
1314 1610 1348 1676 in
1369 1616 1461 1696 parte

260 1720 406 1788 eeclesiae
427 1718 512 1786 beati
535 1718 622 1785 Petri
643 1717 738 1784 finem
761 1716 806 1782 rei
829 1715 1027 1802 expectabat,
1057 1720 1093 1784 ut
1115 1737 1210 1803 quem
1232 1722 1341 1789 electio
1364 1721 1463 1790 subli-

259 1834 378 1900 masset
399 1830 427 1896 ei
448 1830 515 1914 ipae
538 1829 644 1896 debita
664 1826 837 1896 reverentia
856 1829 1052 1896 acclamaret.
1075 1828 1137 1896 Hic
1155 1831 1263 1916 itaque
1284 1834 1386 1901 clerus
1408 1852 1464 1901 ac-

259 1961 386 2011 currens
415 1939 469 2006 ubi
501 1939 705 2007 Octauianum
730 1940 763 2004 in
792 1937 889 2004 rubea
919 1957 1015 2024 cappa
1041 1939 1120 2007 uidit
1153 1944 1288 2010 electum
1317 1945 1464 2012 unanimi

259 2053 394 2126 fratrum
415 2070 546 2118 assensu
567 2051 698 2117 credidit
720 2053 751 2116 et
772 2049 801 2114 ei
820 2048 906 2114 velut
920 2051 1018 2116 electo
1033 2052 1229 2119 acclamavit.
1253 2053 1314 2121 Sed
1328 2059 1362 2122 et
1376 2056 1462 2124 fores

259 2163 408 2231 basilicae
431 2163 584 2230 disclusas
606 2163 731 2228 suntet
751 2160 936 2244 introgressi
965 2162 1047 2228 ciues
1077 2164 1209 2245 romani,
1242 2167 1280 2230 ut
1301 2170 1390 2234 mant
1410 2186 1464 2236 ar-

262 2276 349 2356 mati,
381 2277 476 2366 etiam
504 2274 567 2360 ipsi
596 2272 758 2340 Octaviani
787 2272 931 2338 electioni
962 2274 1135 2344 acclamare
1164 2280 1332 2363 coeperunt
1358 2281 1466 2347 omnia

262 2390 408 2474 putantes
432 2407 499 2454 esse
521 2390 645 2472 peracta
667 2386 700 2451 in
722 2403 806 2470 pace.
830 2385 875 2452 At
889 2404 961 2453 vero
979 2386 1105 2454 Domini
1122 2389 1302 2460 Oardinales
1318 2411 1390 2458 cum
1404 2412 1465 2460 suo

265 2503 363 2568 electe
396 2499 536 2565 uidentes
570 2516 648 2582 quae
674 2494 791 2563 fiebant
817 2496 851 2562 iu
878 2500 1002 2580 partem
1031 2517 1066 2566 se
1087 2505 1270 2585 receperunt
1292 2504 1465 2570 sanctuarii

270 2613 379 2680 deinde
399 2611 481 2676 intra
503 2608 779 2690 munitiunculam,
810 2627 888 2692 quae
921 2611 971 2674 est
993 2627 1087 2693 supra
1108 2613 1338 2694 sanctuarium,
1361 2632 1396 2680 se
1416 2614 1468 2680 in·

265 2725 426 2791 cluserunt
446 2720 563 2788 ibidem
585 2741 640 2806 per
661 2738 774 2787 uorem
796 2718 862 2785 dies
886 2722 1095 2804 expectantes,
1119 2722 1216 2790 denec
1236 2725 1363 2792 medem
1377 2745 1470 2793 secu-

264 2835 358 2901 ritate
390 2835 517 2917 accepta
544 2852 600 2916 per
632 2832 715 2899 ciues
748 2851 893 2898 romanos
925 2836 1010 2899 extra
1038 2832 1149 2900 urbem
1171 2836 1274 2903 educti
1296 2840 1379 2919 suut,
1412 2836 1470 2904 ubi

266 2947 414 3013 libertate
439 2962 496 3010 sua
517 2943 611 3029 potiti
633 2945 767 3010 electum
789 2963 882 3010 suurn
903 2945 1083 3012 leuauerunt
1105 2949 1137 3011 et
1159 2965 1231 3012 eum
1252 2965 1368 3033 papam
1390 2949 1469 3017 Ale-

269 3059 423 3123 xandrum
445 3055 695 3136 seminaberunt,
719 3073 812 3138 quem
835 3058 866 3120 et
888 3073 962 3120 mor
976 3055 1020 3137 hi,
1044 3073 1177 3140 quorum
1198 3057 1231 3123 id
1248 3057 1330 3143 juris
1352 3076 1389 3126 ac
1403 3061 1469 3147 pri-

270 3167 377 3252 vilegii
399 3170 466 3233 erat
481 3168 664 3250 cooperante
679 3163 740 3231 sibi
755 3165 930 3249 frequentia
945 3167 1154 3234 Demiuorum
1173 3167 1384 3237 cardinalium
1396 3189 1470 3238 cum

268 3278 353 3344 omni
368 3278 565 3344 solemnitate
579 3279 845 3357 consecraverunt,
869 3277 924 3361 qui
939 3277 1035 3343 etiarn
1047 3282 1245 3347 consecratus
1263 3278 1470 3349 Octauianum

267 3393 430 3474 tamquam
452 3387 689 3456 schismaticum
712 3407 784 3454 curn
806 3387 871 3455 suis
894 3388 1116 3474 principalibus
1147 3391 1324 3460 fautoribus
1347 3413 1472 3462 excom-

268 3500 447 3567 municarit.
470 3499 516 3566 At
536 3517 608 3565 vere
633 3498 823 3566 Octavianus
846 3502 953 3567 datam
975 3502 1008 3565 iu
1031 3520 1064 3568 se
1087 3521 1237 3589 spernens
1267 3505 1469 3589 seutentiam,

269 3630 342 3678 cum
369 3628 431 3677 uon
459 3608 588 3676 haberet
617 3610 774 3696 legitimos
806 3613 1053 3693 consecratores,
1083 3613 1341 3702 uuuseueneep
1378 3636 1472 3702 quem

270 3725 372 3791 selum
394 3723 504 3790 habuit
526 3742 562 3788 ex
584 3720 804 3802 cardinalibus,
827 3724 860 3787 et
881 3721 921 3788 ab
943 3723 1013 3790 aliis
1035 3724 1157 3792 duobus
1173 3745 1210 3793 ex
1223 3727 1381 3811 provincia
1396 3747 1472 3796 cou-

271 3836 394 3921 quisitis
416 3851 527 3901 manus
551 3833 611 3901 sibi
633 3833 759 3899 audem
780 3835 856 3920 post
878 3854 1019 3903 mensem
1040 3837 1115 3904 iecit
1136 3838 1266 3923 imponi,
1297 3858 1357 3924 quo
1381 3840 1470 3909 facto

267 3961 344 4014 ¹suos
374 3947 469 4013 etiam
497 3948 583 4032 ipsos
610 3947 929 4016 excommunicatores
960 3948 1227 4018 excommunicare
1249 3953 1475 4038 praesumpsit,

370 4058 411 4124 Et
434 4058 503 4142 quis
524 4059 656 4144 sapiens,
694 4060 859 4127 veritatem
883 4066 914 4127 et
930 4059 1085 4146 judicium
1117 4062 1152 4129 iu
1180 4064 1476 4133 haccontrouersia

375 4326 393 4392 ¹)
414 4325 491 4378 Notat
508 4324 553 4377 hio
571 4340 659 4377 manus
678 4324 712 4378 ab
731 4341 796 4379 anuo
817 4324 888 4380 1525
912 4325 1011 4396 (forsan
1029 4325 1164 4402 Aventini)
1182 4331 1210 4384 in
1229 4330 1345 4396 margine
1364 4329 1473 4386 codicis:

416 4422 548 4476 Utinam
567 4428 656 4476 totus
674 4424 820 4478 ablatus
839 4424 979 4482 fuisset.

375 4519 395 4591 ²)
414 4521 448 4576 cf.
468 4521 544 4576 Pertz
563 4524 678 4579 Menum.
697 4524 770 4579 Tem.
790 4525 837 4582 IV.
856 4524 954 4592 Legum
973 4527 1005 4583 T.
1025 4525 1062 4582 11.
1082 4542 1107 4595 p.
1129 4527 1192 4586 las.
