3172 5202
20 4470 32 4510 Ι

1253 443 1315 510 113
1358 509 1360 514 .

112 629 238 678 causam
260 613 383 695 praeter
405 611 569 676 veritatem
592 611 821 694 quaerentibus
851 611 970 676 adverti
998 611 1113 694 possit,
1143 617 1212 698 quis
1234 617 1315 682 inter

112 724 192 789 duos
214 723 329 788 electos
352 723 383 788 et
405 725 601 788 consecratos
623 741 681 807 pro
703 741 785 806 pape
807 722 960 788 catholieo
976 726 1182 792 assumendus
1199 729 1230 792 et
1246 728 1317 793 cili-

112 835 231 918 gendns
254 836 287 899 et
309 833 378 916 quis
401 851 456 916 pro
480 833 679 899 schismatico
704 832 852 898 odiendus
875 837 930 899 aut
946 834 1057 900 saltem
1074 835 1144 918 quis
1163 857 1179 902 e
1195 837 1314 904 duobus

112 943 313 1010 sustinendus
335 943 444 1028 quisve
464 944 708 1010 contemnendus
731 943 782 1008 sit.

215 1056 340 1122 Etenim
357 1054 490 1122 obeunte
507 1073 587 1140 papa
603 1056 738 1122 Adriano
753 1052 777 1140 1)
800 1074 872 1120 curn
886 1057 926 1121 ad
943 1058 1121 1142 eligendum
1141 1059 1318 1124 ltomannm

113 1165 299 1234 Pontificem
314 1166 451 1252 episcopi
466 1186 502 1234 ac
516 1168 702 1253 presbyteri,
725 1169 867 1234 diacones
884 1169 998 1252 aliique
1014 1171 1141 1234 sanctae
1156 1169 1316 1234 Romanae

112 1275 261 1344 ecelesiae
284 1277 462 1346 cardinales
485 1279 702 1345 convenissent
724 1283 756 1344 et
778 1281 972 1365 singulorum
994 1281 1171 1345 voluntates
1196 1285 1315 1346 secreto

112 1386 151 1453 ab
173 1388 233 1468 his,
258 1387 370 1472 quibus
392 1389 424 1455 id
445 1388 620 1474 injunctum
642 1389 744 1456 fuerat
776 1390 944 1474 requisisse
965 1391 1100 1456 fuissent
1122 1391 1215 1474 idque
1232 1392 1315 1475 quod

111 1501 276 1568 inventum
306 1502 338 1566 et
364 1500 480 1584 scripto
509 1503 653 1566 notatum
673 1501 777 1566 fuerat
797 1501 830 1566 in
852 1502 992 1567 medium
1013 1501 1096 1568 idem
1123 1503 1184 1586 ipsi
1205 1506 1313 1588 protu-

112 1612 246 1678 lissent:
278 1610 380 1694 major
408 1614 441 1676 et
469 1611 572 1696 potior
600 1611 744 1695 apparuit
774 1631 923 1678 numerus
954 1614 1174 1692 cardinalium,
1210 1613 1317 1696 quiin

114 1721 297 1792 Cancellarii
319 1721 472 1786 Ruolandi
495 1722 678 1788 electionem
701 1725 931 1790 consenserant.
955 1723 1037 1788 Nam
1052 1726 1159 1808 paucis
1175 1725 1264 1790 valde
1283 1724 1317 1790 in

114 1837 297 1905 electionem
319 1833 483 1901 Octaviani
505 1832 661 1918 aliquibus
685 1834 780 1900 etiam
802 1833 835 1898 in
854 1833 1041 1918 magistrum
1063 1836 1318 1918 Bernharduml)

113 1948 291 2032 eligendum
313 1945 509 2030 complacuit.
544 1946 691 2030 Dumque
715 1948 860 2029 ageretur·
881 1964 954 2010 cum
977 1945 1022 2011 eis
1045 1949 1198 2031 quatenus
1223 1967 1256 2012 sc
1278 1949 1317 2012 ad

114 2058 266 2144 majorem
287 2077 452 2124 numerum
475 2057 679 2124 cardinalium
708 2057 903 2140 colligerent,
939 2075 974 2122 eo
1006 2058 1088 2142 quod
1120 2061 1181 2122 tres
1207 2057 1317 2140 Papae

113 2188 267 2237 essenon
294 2172 430 2255 possent,
456 2169 499 2249 hi,
528 2169 580 2254 qui
606 2168 794 2253 magistrum
825 2167 1042 2235 Bernhardum
1070 2167 1315 2250 nominaverant,

113 2281 151 2348 ab
175 2279 243 2365 ejus
263 2279 480 2346 nominatione
501 2279 696 2344 recesserunt
717 2281 749 2342 et
771 2297 807 2341 ex
829 2276 873 2342 eis
896 2277 992 2361 aliqui
1022 2298 1055 2344 se
1076 2278 1109 2343 in
1132 2279 1314 2344 electionem

113 2390 289 2458 cancellarii
305 2389 484 2473 iunxerunt,
515 2389 614 2473 aliqui
642 2408 713 2455 vero
741 2388 836 2453 etiam
863 2387 1009 2472 ambigue
1032 2407 1066 2455 se
1088 2390 1128 2453 ad
1153 2388 1314 2454 Octaviani

114 2507 144 2568 et
162 2502 340 2569 cancellarii
357 2501 540 2568 electionem
561 2501 747 2579 habuerunt,
769 2500 815 2564 ita
830 2504 865 2565 ut
880 2500 919 2564 ad
934 2502 1102 2585 utrumque
1120 2500 1315 2566 devotionem

113 2631 203 2680 suam
226 2614 433 2692 ostenderent,
467 2610 597 2696 quilibet
632 2631 668 2676 ex
694 2609 742 2676 his
773 2610 893 2676 duobus
922 2611 1009 2676 salva
1037 2627 1112 2694 pace
1143 2612 1316 2676 sturitate

113 2723 187 2809 eligi
207 2723 372 2808 potuisset.
410 2724 451 2790 Ilt
467 2723 535 2808 jam
557 2741 706 2789 numerus
729 2721 943 2801 cardinalium,
979 2721 1085 2805 quiin
1109 2720 1314 2788 Octavianum

113 2835 179 2902 sive
212 2834 339 2901 omnino
372 2834 437 2901 sive
470 2853 543 2901 cum
571 2834 628 2900 tali
657 2833 864 2918 ambiguitate
894 2836 1114 2898 consenserant
1146 2833 1312 2917 usquead

115 2950 248 3032 septem*
262 2947 467 3014 exerevitsed
490 2946 587 3012 nimia
609 2949 676 3012 erat
700 2946 795 3012 etiarn
816 2946 848 3010 in
862 2946 911 3011 his
927 2945 1069 3031 paucitas
1085 2944 1316 3029 comparatione

112 3059 235 3126 numeri
258 3076 376 3138 eorum,
400 3058 454 3143 qui
475 3057 507 3122 in
522 3056 705 3124 electionem
723 3056 877 3122 Ronlandi
892 3057 1067 3134 cancellarii
1082 3059 1312 3123 consenserant.

113 3171 216 3256 Igitur
244 3173 278 3236 et
304 3187 377 3236 curn
399 3168 448 3238 lris
470 3170 526 3254 agi
545 3167 683 3235 studiose
706 3166 826 3253 coepit,
860 3170 1013 3250 quatenus
1035 3169 1161 3252 aparte
1183 3167 1236 3232 illa
1258 3185 1316 3232 sua

112 3281 238 3348 modica
260 3282 437 3350 recedentes
459 3282 499 3347 ad
521 3279 756 3348 universitatem
779 3299 812 3344 se
836 3279 1018 3362 colligerent
1040 3282 1072 3343 et
1089 3276 1253 3343 obtentum
1268 3281 1317 3343 est

115 3413 214 3478 usqne
236 3394 278 3460 ad
300 3396 373 3473 tres,
404 3409 538 3477 quorum
559 3409 640 3456 unus
663 3392 730 3455 erat
750 3389 771 3456 J
775 3389 911 3454 ohannes
932 3388 1082 3467 Pisanus,
1113 3389 1192 3452 alter
1214 3387 1316 3454 Guido

115 3505 301 3586 cremensis,
324 3505 378 3588 qui
401 3501 626 3569 contentiosius
649 3500 774 3584 ajebant
796 3504 828 3567 et
849 3498 1009 3564 instabant
1023 3499 1160 3565 diceutes
1177 3518 1210 3564 se
1224 3517 1317 3562 num·

114 3633 209 3700 quarn
230 3613 272 3680 ab
294 3613 455 3682 Octaviani
478 3613 627 3681 electione
648 3631 836 3678 recessuros.
858 3611 917 3677 His
940 3609 1051 3676 tertius
1073 3608 1215 3674 adhaesit
1237 3609 1317 3675 Tus·

115 3727 254 3794 sumnus.
277 3726 320 3792 nt
340 3725 375 3790 tri
396 3728 460 3793 tres
477 3727 624 3809 quartum
639 3722 844 3790 Octavianum
864 3722 983 3806 Papam
997 3720 1098 3786 lacere
1114 3719 1217 3785 moliti
1233 3723 1316 3786 sunt.

113 3838 160 3904 At
182 3837 368 3904 universitas
385 3836 597 3904 cardinalium
618 3839 683 3901 tres
705 3835 784 3902 istos
806 3853 863 3901 neo
884 3836 1006 3917 partem
1029 3833 1090 3899 dici
1112 3851 1204 3916 posse
1226 3851 1315 3914 repu-

113 3953 217 4018 tantes
240 3968 334 4017 suum
355 3951 499 4030 electum,
522 3948 740 4018 cancellarium
763 3945 907 4014 videlicet
928 3945 1118 4026 Rulandum,
1141 3943 1173 4008 in
1198 3943 1316 4026 Papam

219 4239 227 4272 ¹
261 4235 285 4290 1.
305 4234 374 4288 Set.
394 4231 475 4287 1159.
1180 4281 1181 4286 ,

217 4238 239 4404 ’1
257 4333 295 4388 Dc
313 4250 362 4388 aaz
379 4331 512 4388 Bernarde
531 4331 667 4384 Portueusi
693 4331 820 4398 Episcopo
851 4327 910 4380 vide
927 4328 1001 4394 epist.
1022 4325 1168 4379 Eberhauli
1189 4325 1247 4392 Epi.
1268 4327 1317 4377 Ba·

260 4433 443 4500 banbergensis
462 4432 496 4484 ad
515 4429 697 4485 Eberhardum
717 4431 830 4496 archiep.
851 4426 986 4491 salzburg.
1007 4427 1111 4479 Grctser
1124 4425 1171 4491 Op.
1183 4442 1246 4476 oron.
1258 4437 1315 4479 unu

260 4534 307 4591 v1.
325 4551 352 4602 p.
372 4531 434 4590 576.
462 4546 516 4588 nro.
535 4530 581 4588 av.
1199 4609 1219 4676 8
