3158 5212
1291 377 1334 442 29

124 549 224 612 mavit
254 567 292 612 ex
324 549 390 610 tam
423 544 530 629 politis
561 547 592 610 et
621 543 847 630 pergrandibus
869 544 1025 630 lapidibus
1048 549 1094 624 ut,
1129 547 1213 630 quod
1236 563 1331 631 supra

125 676 251 740 quoque
274 655 557 722 commemoratum
576 658 633 735 est,
657 655 846 720 admirantes
870 655 1016 756 discipuli
1037 657 1174 723 dicerent
1187 657 1331 723 Domini:

124 763 334 852 Magister,
353 764 483 850 aspice
500 766 637 846 quales
652 766 816 852 lapides
833 772 873 832 et
889 769 1033 851 quales
1055 765 1332 853 struatureeu)

124 878 245 962 Quibus
268 881 302 944 et
323 877 406 961 quod
427 883 539 941 notum
561 879 610 944 est
632 878 785 944 Dominus
805 879 979 963 respondit:
1013 877 1154 961 Amen,
1177 879 1332 965 inquiens,

125 989 215 1056 dico
239 989 363 1056 vobis
386 1006 457 1053 non
481 986 735 1071 relinquetur
767 987 875 1073 lapis
899 1007 1022 1074 super
1042 990 1242 1075 lapidem,
1266 991 1333 1074 qui

123 1120 200 1166 non
223 1100 511 1181 destruatuffl)

595 1386 598 1391 ’
618 1387 726 1455 Gap.
744 1387 843 1442 vn.

282 1509 330 1578 Do
352 1507 519 1597 spirituali
539 1507 766 1596 intelligentia
788 1507 1023 1577 dimensionum
1044 1508 1169 1597 templi.

225 1693 288 1762 Sed
310 1714 461 1779 quorsum
481 1694 571 1763 ieta?
593 1695 753 1762 Nimirum
784 1695 855 1779 quia
886 1714 996 1781 operae
1018 1694 1155 1780 pretium
1178 1695 1257 1762 scire
1280 1699 1330 1762 est

123 1824 159 1872 ea
182 1824 263 1892 quae
282 1807 316 1872 in
337 1807 448 1892 templi
479 1806 561 1874 illius
593 1807 765 1872 manufacti
798 1805 915 1873 fabrica
946 1807 1049 1892 typice
1082 1809 1328 1891 praecesserunt,

122 1918 261 1986 nuncin
283 1919 423 1999 ecclesia,
447 1937 525 2003 quac
540 1938 649 1984 verum
663 1918 723 1984 Dei
738 1919 892 2002 templum
914 1919 971 1999 est,
994 1918 1027 1982 in
1049 1917 1181 1984 veritate
1204 1914 1330 1982 actitari

122 2031 154 2095 et
175 2027 216 2092 ad
237 2030 347 2094 nostra
367 2047 468 2112 usque
489 2031 631 2114 tempora
653 2046 721 2093 esse
743 2028 884 2094 actitata.
909 2028 1011 2095 Verus
1033 2046 1168 2113 namque
1181 2027 1329 2095 Salomon

120 2139 141 2206 i.
164 2159 190 2205 e.
213 2138 362 2224 pacificus
385 2137 539 2205 Dominus
560 2142 668 2205 noster
689 2140 784 2208 Jesus
808 2140 960 2223 Christus,
995 2146 1048 2226 qui
1069 2143 1118 2206 est
1139 2143 1326 2225 pernostra

121 2253 153 2317 et
175 2251 305 2335 spiritus
341 2248 408 2335 ejus
442 2267 552 2316 verum
587 2253 618 2315 et
650 2251 757 2316 vivum
789 2251 849 2316 Dei
881 2251 944 2317 rivi
976 2254 1129 2336 templum
1163 2249 1327 2317 ecclesiam

122 2365 267 2428 sanctam
300 2380 337 2427 ex
362 2360 443 2427 vivis
465 2359 620 2445 lapidibus
644 2362 826 2442 construxit,
867 2361 955 2446 cujus
989 2363 1085 2428 etiam
1118 2360 1326 2428 dimensiones

121 2473 161 2537 ad
181 2471 284 2538 instar
304 2471 389 2537 illius
411 2471 523 2555 templi
534 2471 714 2555 manufacti,
739 2474 820 2558 quod
840 2472 934 2557 hujus
957 2473 1098 2540 veritatis
1113 2474 1200 2540 uelut
1214 2469 1326 2538 umbra

120 2585 344 2668 praecesserat,
367 2582 553 2668 procuravit.

602 2874 714 2941 Gap.
733 2873 854 2929 vm.

630 2996 823 3084 longitudo.

220 3182 402 3268 Longitudo
436 3183 589 3268 siquidem
623 3183 707 3250 illius
731 3182 839 3268 templi
861 3184 1033 3250 manufacti
1054 3183 1215 3269 sexaginta
1238 3183 1325 3251 cubi-

121 3297 226 3360 torum
247 3312 310 3360 uua
332 3313 404 3362 cunr
425 3296 548 3360 oraculo
573 3295 683 3360 extitit.
707 3294 792 3360 Nam
806 3293 925 3379 vigenti
943 3292 1065 3360 cubitos
1081 3295 1244 3360 oraculum
1258 3298 1325 3358 tam

120 3404 152 3469 in
172 3405 370 3490 longitudine
393 3425 488 3492 quam
509 3406 542 3470 in
563 3406 729 3472 latitudine
750 3405 845 3471 simul
867 3407 900 3471 et
921 3405 1086 3470 altitudine
1107 3404 1129 3471 i.
1141 3423 1167 3468 e.
1181 3405 1324 3487 quadrati

121 3514 223 3580 cubici
244 3517 380 3601 speciem
401 3517 512 3596 tenuit,
547 3534 607 3600 quo
631 3519 810 3583 sanctorum
833 3519 864 3581 et
886 3515 1096 3599 spiritualium
1127 3515 1161 3579 in
1194 3514 1324 3580 ecclesia

120 3625 269 3709 perfectio
293 3627 471 3712 significata
493 3632 558 3707 est,
593 3647 673 3716 quos
693 3647 750 3694 nec
771 3644 919 3711 prospera
941 3627 1094 3690 extollunt
1114 3644 1171 3690 nec
1193 3625 1324 3690 adversa

121 3735 271 3820 dejiciunt
304 3738 359 3803 sed
392 3757 513 3821 semper
534 3741 673 3828 aequalis
695 3742 769 3805 sunt
791 3736 888 3802 animi
922 3755 989 3820 spe
1010 3737 1253 3821 gaudentes,
1285 3736 1325 3800 in

121 3847 402 3915 tribulatione
445 3850 662 3933 patientes,
704 3847 1041 3916 necessitatibus
1086 3850 1324 3914 sanctorum

120 3960 505 4048 communicantem)
537 3961 576 4028 Iu
597 3961 647 4028 his
669 3978 804 4044 namque
826 3959 927 4026 tribus
949 3961 1131 4026 sauctorum
1152 3961 1184 4026 et
1205 3958 1325 4044 perfec-

224 4150 244 4222 1)
262 4154 347 4206 uera.
368 4151 411 4206 rs.
433 4151 458 4205 1.

222 4248 244 4319 ²)
263 4247 295 4302 In
313 4252 433 4336 margine
448 4250 546 4336 codicis
566 4251 692 4336 scriplum
711 4253 764 4300 est:
795 4245 875 4303 1532,
895 4246 1010 4302 Omnia
1029 4246 1102 4334 lere
1122 4247 1246 4372 tuluppls
1264 4262 1322 4298 no·

264 4322 1323 4466 {tltittlltttlttttuttitttlttltttltttdtttlt?

220 4493 242 4572 ⁸)
260 4497 333 4554 Rom,
356 4496 398 4552 12.
420 4495 463 4552 12.
