3168 5190
1268 390 1331 455 277

132 561 238 628 David
253 564 285 628 at
299 561 394 629 Jesus
416 563 464 628 nir
485 561 673 646 approbatus
690 560 820 648 aDec¹)
843 561 1057 647 scriptumque
1079 560 1117 626 de
1139 579 1174 626 eo
1197 561 1239 627 sit
1253 558 1331 628 'ille

133 672 252 738 homo
286 673 350 757 qni
383 671 718 759 diciturJesns²)
751 677 783 740 et
816 675 916 740 multa
936 674 969 739 in
990 672 1072 738 hunc
1093 672 1231 754 modum,
1254 690 1332 757 quae

134 784 241 848 omnia
262 783 296 848 in
318 783 443 852 christo
464 801 629 869 personam
650 783 785 850 bominis
808 785 1040 869 repraesentant
1061 801 1097 849 ac
1119 783 1332 850 demonstrant

134 894 268 960 eundem
289 913 456 979 perennem
488 895 657 961 humanam
678 898 710 961 et
731 914 828 961 unum
852 915 887 961 er
908 895 1084 960 hominibus
1106 913 1221 979 negare
1242 913 1332 961 mon-

135 1007 297 1070 struosum
319 1005 396 1072 mihi
417 1007 539 1072 videtur
561 1009 593 1071 et
614 1005 781 1072 absurdum
799 1009 892 1091 etque
907 1007 1091 1091 evangelicis
1107 1008 1139 1072 et
1153 1005 1331 1090 apostolicis

135 1115 226 1181 dictis
249 1116 375 1182 omnino
398 1117 597 1184 contrarium.

618 1403 729 1472 cap.
747 1403 843 1458 XL.

291 1525 446 1616 llxempla
468 1527 509 1596 da
530 1546 595 1604 non
617 1527 783 1618 duplicate
804 1529 840 1594 in
861 1527 990 1595 cbristo
1011 1544 1160 1616 persona.

226 1711 405 1779 Videndum
427 1715 533 1779 autem
556 1731 604 1797 en,
628 1717 664 1780 ut
680 1715 806 1798 quidam
820 1716 974 1794 verentur,
998 1713 1241 1797 duplicationem
1261 1731 1329 1796 per·

4 1861 5 1894 1
125 1842 220 1890 sonae
241 1824 368 1889 inducet
390 1824 421 1888 in
443 1825 578 1905 Christo,
602 1825 628 1890 si
650 1825 788 1891 humana
810 1825 905 1890 simul
927 1827 958 1890 et
980 1824 1084 1890 divina
1098 1823 1174 1907 ipse,
1199 1821 1328 1889 comsit

4 1927 5 1980 ἶ
124 1954 216 2016 nnus,
250 1953 386 2022 persona
418 1935 561 2001 dicatur?
606 1935 651 2002 nt
674 1937 798 2019 quidam
820 1936 945 2001 omnino
979 1934 1145 2019 duplicatio
1178 1951 1328 2018 personae

4 2095 5 2098 ,
125 2049 208 2113 esset
230 2046 258 2111 si
276 2045 366 2130 juxta
387 2046 613 2113 haereticorum
633 2047 727 2113 verba
749 2050 780 2113 et
802 2066 929 2113 sensnm
950 2047 982 2113 in
1006 2046 1131 2115 Christo
1150 2045 1234 2112 alind
1255 2044 1276 2111 i.
1300 2064 1327 2112 e.

125 2157 267 2222 Verbum
299 2156 383 2222 filius
405 2158 464 2223 Dei
485 2161 517 2224 et
537 2177 599 2223 non
621 2158 755 2224 hominis
788 2162 883 2243 etque
905 2160 992 2224 eliud
1015 2160 1036 2224 i.
1058 2179 1085 2226 a.
1106 2157 1210 2223 anima
1231 2156 1328 2222 ratio·

125 2268 204 2333 nelis
238 2285 311 2333 cnm
343 2285 434 2333 carne
457 2286 514 2334 sna
534 2268 618 2334 filius
651 2269 786 2334 hominis
814 2272 845 2334 et
866 2288 928 2335 non
953 2271 1011 2336 Dei
1033 2273 1125 2337 esset.
1147 2269 1222 2336 dam
1244 2267 1325 2333 enim

126 2383 209 2446 recte
242 2379 303 2444 duo
337 2379 512 2445 dicerentur
544 2379 600 2445 filii
634 2380 713 2445 alter
735 2381 792 2445 Dei
816 2383 848 2446 at
868 2400 929 2446 non
952 2381 1089 2446 hominis
1120 2384 1214 2464 atque
1247 2380 1327 2446 altar

124 2489 261 2555 hominis
277 2490 309 2554 et
323 2507 386 2555 non
400 2490 469 2555 Dei.
492 2490 585 2556 Nunc
609 2508 690 2572 varo,
714 2510 785 2558 cnm
808 2493 979 2558 secundum
1001 2491 1171 2575 scripturas
1194 2492 1324 2569 constet,

125 2601 318 2686 evangelicas
340 2601 456 2684 pariter
478 2606 510 2668 at
532 2602 730 2687 apostolicas,
766 2603 878 2669 Jesnm
902 2601 1062 2669 christum
1084 2600 1203 2667 factum
1224 2600 1323 2666 filium

123 2711 190 2776 Deo
223 2712 394 2777 secundnm
427 2730 551 2778 carnem
584 2717 617 2777 et
649 2713 814 2779 concilium
848 2717 971 2779 censeat
1003 2714 1111 2779 contra
1143 2711 1326 2777 Nestorium

123 2820 249 2887 beatam
281 2823 434 2907 virginem
466 2842 528 2888 non
551 2825 653 2890 solum
674 2825 809 2890 hominis
839 2826 894 2890 sed
916 2829 947 2891 et
969 2825 1028 2890 Dei
1049 2823 1232 2908 genitricem
1253 2821 1274 2888 i.
1297 2841 1323 2892 e.

3 2979 4 3030 3
123 2932 266 2998 eamdam
289 2935 350 3001 dici
373 2934 492 3014 debere,
527 2955 597 3001 cnm
620 2955 695 3020 ergo
717 2939 803 3001 totus
827 2935 969 3003 Christus
991 2936 1012 3001 i.
1036 2955 1061 3001 a.
1087 2933 1228 3000 Verbum
1251 2951 1323 2999 cum

124 3049 225 3114 carnis
248 3063 323 3112 suae
344 3045 538 3112 humanitate
559 3047 642 3112 filius
658 3048 716 3113 Dei
738 3051 886 3131 totusque
907 3048 991 3114 idem
1014 3049 1107 3113 homo
1130 3064 1203 3112 cum
1218 3043 1322 3124 Verbi,

125 3162 207 3246 qnod
230 3161 299 3247 ipse
321 3162 378 3240 est,
413 3159 575 3225 divinitate
604 3160 687 3249 filius
720 3161 849 3244 virginis
872 3161 922 3239 sit,
945 3179 1025 3226 unus
1047 3157 1185 3242 profecto
1208 3159 1241 3223 et
1262 3174 1324 3221 non

125 3273 184 3338 dno
220 3273 311 3337 erunt
342 3269 398 3336 filii
431 3288 467 3336 ac
489 3271 617 3357 perinde
649 3291 781 3356 persona
814 3289 875 3336 una
897 3292 933 3337 ax
955 3269 1074 3338 dnobus
1098 3273 1129 3335 et
1150 3271 1182 3334 in
1201 3269 1321 3366 duabus

125 3381 259 3448 existens
281 3383 411 3448 naturis.
432 3382 499 3447 Nec
522 3381 659 3466 duplicat
673 3402 839 3468 personam
860 3384 940 3467 quod
956 3381 1110 3448 Dominus
1126 3382 1219 3448 lesus
1242 3399 1322 3446 nnus

125 3493 206 3576 apud
228 3495 350 3576 petrem
381 3497 475 3579 atque
508 3513 605 3560 unum
627 3513 699 3560 cum
720 3497 813 3561 Patre
834 3496 883 3560 est
914 3494 1051 3576 itemque
1074 3511 1152 3557 nnus
1175 3511 1210 3556 ex
1232 3490 1322 3557 nobis

124 3607 154 3670 et
175 3623 275 3670 unum
296 3605 468 3687 nobiscum,
503 3607 649 3691 quoniam
681 3627 761 3673 nnus
783 3611 814 3673 et
836 3625 898 3672 non
919 3606 1058 3672 diuersus
1092 3605 1141 3670 vel
1162 3603 1241 3668 alter
1273 3607 1322 3669 est

124 3716 205 3800 apud
226 3717 353 3782 Patrem
385 3736 517 3801 persona
540 3721 571 3784 et
592 3721 674 3803 apud
696 3738 762 3788 nos.
806 3717 945 3798 Etenim,
968 3721 1005 3783 nt
1026 3716 1072 3781 ait
1092 3713 1256 3792 Boethius,
1289 3713 1321 3778 in

122 3846 227 3892 rarum
248 3845 377 3893 numero
400 3829 541 3912 repetitio
565 3829 720 3894 unitatum
743 3849 805 3896 non
827 3829 904 3896 lecit
917 3827 1137 3914 pluralitatem,
1161 3825 1317 3909 quomodo

123 3939 150 4003 si
171 3939 294 4006 dicatur
316 3941 354 4006 de
375 3958 436 4007 nno
460 3959 517 4006 ovo
541 3960 637 4007 unum
668 3941 776 4007 album
798 3945 830 4007 et
851 3959 954 4022 unum,
976 3939 1145 4005 rotundum
1173 3953 1235 4000 non
1258 3935 1319 4000 duc

123 4069 181 4117 ova
202 4051 335 4135 intelligi
366 4053 499 4135 possunt
531 4053 590 4134 vel,
627 4055 664 4117 nt
684 4054 785 4138 magis
807 4051 978 4117 domestico
1011 4053 1136 4115 namur
1169 4047 1320 4130 exemplo,

125 4180 198 4228 cnm
219 4163 252 4226 in
274 4161 405 4246 singulis
437 4161 527 4227 nobis
550 4161 592 4227 sit
613 4161 707 4227 homo
741 4161 871 4228 exterior
900 4159 1044 4226 ethome
1077 4157 1205 4224 interior
1226 4158 1319 4222 homo

123 4272 270 4338 ethome
302 4271 459 4339 hominem
491 4274 523 4338 in
555 4273 645 4340 nobis
678 4292 740 4339 non
763 4272 917 4356 duplicet:
951 4272 996 4337 sic
1018 4275 1050 4338 et
1072 4270 1214 4338 christm
1247 4286 1319 4334 cum

226 4479 245 4545 ¹)
265 4485 316 4536 act.
337 4479 364 4534 2.
385 4479 429 4536 22.
451 4509 482 4519 -
508 4477 528 4549 ²)
547 4479 620 4535 Jcan.
641 4479 666 4534 9.
687 4477 729 4532 11.
