3168 5214
1240 393 1303 460 335

98 570 238 653 inquam,
259 569 310 633 est
330 565 438 631 eterit
458 565 540 630 inter
562 565 640 631 duas
661 564 734 630 illas
750 563 887 631 theorias
901 565 1055 632 Dominus
1070 565 1164 632 Jesus
1189 568 1308 631 utram·

100 698 161 763 que
181 678 215 743 in
237 697 273 744 se
292 677 402 742 uniens
436 679 569 760 utraque
589 694 663 742 suos
685 675 718 740 in
741 695 774 741 se
796 677 864 759 ipso
897 678 1100 742 ascendentes
1121 695 1159 742 ac
1181 677 1309 744 descen-

100 790 211 856 dentes
244 788 398 870 refovens,
432 788 634 854 ascendentes
669 788 708 853 ad
739 788 1011 871 contemplandam
1032 787 1129 854 Verbi
1160 789 1195 854 in
1221 790 1306 855 coelo

100 901 194 967 tertio
218 900 404 980 claritatem,
428 900 648 966 descendentes
670 899 711 963 ad
731 899 935 964 hauriendam
958 899 1059 964 carnis
1081 898 1177 967 Verbi
1198 901 1230 966 in
1251 917 1308 984 pe·

100 1013 206 1078 radiso
241 1013 437 1078 suavitatem.
482 1012 523 1076 Et
545 1029 618 1076 cum
639 1011 739 1075 altera
770 1010 912 1095 ipsarum
945 1009 1138 1076 theatiorum
1171 1012 1306 1094 suavior,

99 1124 200 1190 altera
222 1122 386 1190 sublimior
408 1122 460 1206 sit,
495 1139 574 1205 quae
595 1122 737 1206 ipsarum
757 1120 848 1187 alteri
875 1120 1026 1206 praeferri
1059 1121 1171 1188 debeat
1202 1125 1308 1206 potest

100 1233 248 1301 dubitari.
272 1234 421 1318 Quamvis
443 1234 527 1299 enirn
549 1250 611 1299 una
632 1234 772 1316 ipsarum
794 1234 925 1316 propter
937 1233 1079 1313 alteram,
1094 1234 1148 1299 illa
1163 1233 1307 1299 videlicet

101 1341 267 1413 §multatis
296 1349 426 1432 propter
448 1362 527 1424 eam,
551 1361 630 1429 quae
652 1347 700 1410 est
709 1343 870 1424 claritatis,
893 1343 1035 1409 rideatur
1057 1343 1202 1424 exbiberi,
1225 1344 1306 1409 sicut

99 1475 163 1523 non
184 1461 314 1544 propter
346 1457 508 1522 mullerem
541 1455 589 1522 vir
611 1455 666 1522 sed
687 1458 814 1539 propter
834 1453 946 1539 virum
979 1459 1016 1521 nt
1037 1455 1082 1522 ait
1103 1453 1306 1541 apostolus1)

97 1569 213 1634 mulier
232 1569 316 1635 lacta
338 1572 396 1648 est,
408 1570 514 1633 tamen
526 1566 600 1650 quia
621 1583 748 1632 rmsum
770 1565 815 1629 ait
832 1563 916 1629 idem
937 1565 1098 1648 apostolus
1120 1566 1154 1630 in
1177 1566 1302 1634 Christo

98 1677 178 1746 Jesn
199 1697 262 1745 non
284 1697 353 1746 esse
374 1679 551 1744 masculum
571 1697 671 1762 neque
693 1677 883 1762 feminam),
905 1678 961 1743 sed
983 1694 1090 1742 omnes
1112 1696 1211 1744 unum
1234 1699 1303 1746 esse

98 1793 119 1858 i.
144 1811 170 1859 e.
193 1789 381 1856 indifferenti
412 1790 529 1856 honore
550 1790 600 1855 vel
621 1790 732 1874 gratia,
755 1792 909 1872 quantum
932 1788 971 1852 ad
993 1788 1066 1854 fidei
1087 1792 1209 1873 spectat
1231 1791 1302 1856 uni-

99 1906 209 1984 tatem,
231 1901 358 1988 pollere,
381 1901 427 1967 ita
464 1903 496 1967 et
517 1902 555 1966 de
576 1901 646 1966 istis
669 1899 789 1967 duabus
823 1901 950 1968 theoriis
986 1901 1075 1986 quasi
1107 1902 1247 1968 masculo
1273 1903 1306 1967 et

99 2014 218 2080 femina
240 2013 438 2081 sentiendum
459 2015 545 2097 puto,
568 2016 606 2078 ut
626 2013 707 2096 apud
729 2013 832 2077 Deum
854 2016 887 2078 et
908 2013 941 2076 in
963 2011 1098 2091 Christo,
1123 2011 1176 2096 qni
1198 2030 1306 2078 earum

99 2127 224 2191 medius
259 2128 318 2206 est,
352 2125 437 2210 paris
471 2123 634 2207 dignitatis
657 2127 689 2189 et
710 2124 830 2209 gratiae
863 2124 935 2190 sint.
980 2123 1104 2190 Etenim
1127 2124 1186 2190 etsi
1207 2125 1305 2192 virilis

100 2256 194 2304 sexus
216 2235 329 2302 fortior
351 2239 382 2301 et
404 2234 444 2299 ad
465 2235 706 2319 praedicandum
739 2235 870 2303 verbum
893 2236 952 2303 Dei
974 2236 1167 2303 constantior
1188 2237 1307 2303 inveni-

99 2354 165 2427 tur,
194 2347 355 2414 muliebris
378 2350 483 2413 tamen
505 2367 595 2414 serus
627 2347 770 2414 devotior
792 2348 887 2415 simul
909 2350 941 2412 et
960 2346 1129 2413 officiosior
1151 2349 1244 2431 atque
1266 2350 1306 2413 ad

102 2458 337 2545 obsequendum
369 2459 543 2543 promptior
576 2462 634 2526 est.
677 2459 767 2526 Unde
804 2463 836 2524 et
869 2459 1017 2524 sedulitas
1051 2459 1105 2523 illa
1139 2459 1306 2524 mulierum

102 2575 284 2638 sanctarum
305 2571 387 2638 circa
409 2570 608 2655 sepmehrum
630 2569 758 2634 Domini
785 2569 869 2653 prior
889 2569 966 2634 uiris
988 2567 1160 2634 dominicae
1182 2569 1307 2654 appari·

102 2683 198 2748 tionis
222 2683 467 2750 consolationem
488 2681 603 2747 meruit
624 2680 730 2765 eisquc
749 2679 984 2746 resurrectionis
1006 2679 1120 2764 gaudia
1141 2680 1305 2747 nuntiavit.

102 2793 181 2860 Visa
199 2798 273 2860 sunt
295 2797 401 2860 autem
424 2791 518 2858 verba
535 2808 643 2857 earum
654 2769 808 2874 apostolis
831 2791 920 2875 qnasi
942 2790 1152 2871 deliramenta,
1172 2792 1307 2875 eoquod

103 2905 261 2991 ejusmodi
283 2906 421 2986 theoriis
446 2922 523 2988 quae
545 2903 578 2968 in
600 2902 742 2969 sensibus
765 2902 845 2968 fiunt
867 2903 915 2968 uel
936 2901 1124 2987 imaginibus
1147 2921 1209 2967 non
1226 2921 1308 2969 sem·

102 3037 159 3102 per
175 3017 224 3082 vel
240 3018 355 3082 temere
377 3014 564 3080 credendum
592 3015 645 3094 sit,
668 3015 723 3079 sed
744 3011 804 3079 hoc
826 3014 989 3079 dumtaxat
1010 3014 1041 3079 in
1064 3013 1306 3098 vitapraesenti,

104 3127 254 3213 quamdiu
277 3127 378 3192 adhuc
401 3123 547 3192 tenebrae
576 3127 617 3190 ad
637 3125 839 3210 sepulchrum
860 3125 1052 3191 dominicum
1074 3144 1142 3191 esse
1163 3129 1306 3210 possunt,

104 3240 149 3306 ita
170 3242 208 3305 nt
230 3239 291 3304 diei
322 3255 449 3303 necesse
472 3237 505 3301 in
527 3237 654 3302 theoriis
678 3236 849 3321 ejusmodi:
881 3239 988 3302 noster
1019 3257 1051 3302 es
1073 3255 1113 3301 an
1135 3237 1308 3303 aduersari·

105 3355 222 3419 orum?
265 3351 354 3418 Unde
377 3352 408 3416 et
429 3347 531 3416 Maria
550 3349 656 3434 ipsum
678 3349 849 3415 Dominum
886 3347 1052 3424 sustulisse
1074 3348 1246 3413 Dominum
1267 3346 1309 3412 ad

103 3461 216 3529 horam
238 3460 389 3526 arbitrata
411 3464 468 3542 est,
492 3480 527 3526 eo
551 3463 633 3545 quod
654 3461 884 3545 aliquantulum
906 3464 1066 3543 suspectas
1089 3478 1157 3524 esse
1172 3459 1307 3524 theorias

104 3575 183 3640 tales
207 3575 359 3657 oporteat,
372 3574 469 3639 donec
489 3591 547 3640 nos
570 3573 753 3638 familiarius
777 3576 809 3638 et
829 3571 919 3656 qnasi
934 3589 970 3636 ex
984 3570 1108 3637 nomine
1122 3569 1306 3654 alloquendo

105 3684 286 3750 certificent.
329 3684 416 3750 Dum
436 3702 510 3750 vero
533 3684 690 3750 theoricus
724 3684 901 3750 intellectus
935 3682 1026 3766 quasi
1047 3682 1095 3747 vir
1115 3681 1307 3765 apostoliens

105 3796 200 3862 etiam
223 3795 290 3878 ipse
312 3812 386 3860 suae
408 3794 645 3861 illuminationis
675 3794 813 3860 fructum
836 3813 872 3859 er
894 3793 1047 3878 ejusmodi
1068 3792 1197 3858 theoriis
1220 3809 1308 3858 acce·

104 3907 186 3992 perit
209 3905 310 3973 omnis
342 3907 397 3972 illa
429 3905 583 3972 dubitatio
616 3907 806 3990 conquiescit
839 3924 987 3972 conversa
1007 3904 1157 3970 nimirum
1179 3902 1308 3970 tristitia

105 4017 173 4100 ejus
195 4019 230 4083 in
250 4016 410 4102 gaudium.
442 4018 515 4101 Ipse
537 4021 586 4082 est
608 4017 707 4098 enim,
721 4017 821 4101 cujus,
844 4036 916 4084 cum
939 4021 1061 4101 tempus
1085 4015 1188 4096 suerit,
1212 4034 1307 4082 sonus

104 4130 138 4194 in
161 4145 286 4194 omnem
303 4131 420 4194 terram
441 4129 523 4194 exire
545 4132 698 4214 oporteat,
720 4129 870 4195 nimirum
892 4148 965 4195 oum
980 4130 1150 4195 secundum
1172 4126 1308 4212 gratiam

106 4238 167 4307 eibi
201 4239 348 4306 cossabm
368 4238 419 4304 vel
440 4237 576 4306 scribere
608 4240 658 4306 vel
685 4239 773 4324 loqui
795 4239 932 4324 coeperit
963 4241 1019 4306 aut
1051 4238 1137 4305 aliud
1168 4237 1308 4304 diuinum

211 4477 233 4550 ¹)
251 4479 274 4537 u
293 4481 350 4542 eor.
371 4477 415 4534 ιι.
435 4477 460 4534 e.
482 4507 515 4520 -
544 4479 565 4546 2)
585 4479 642 4534 ear.
661 4477 687 4532 a.
707 4477 752 4534 aa.
