3172 5202
1255 361 1317 428 143

108 535 185 623 ipse
204 534 358 622 processit
377 537 410 601 et
430 551 502 600 cum
524 531 634 600 robore
656 531 809 599 exereitus
845 533 948 598 castra
968 532 1001 598 in
1021 533 1090 598 loco
1112 531 1173 599 sibi
1193 533 1317 616 proviso

111 649 285 716 locaverat.
308 644 463 714 Mortibus
485 645 582 731 igitur
597 647 629 710 et
644 643 842 710 cadaueribus
866 662 990 711 onmem
1006 643 1093 710 illam
1107 645 1220 710 deserti
1234 643 1318 710 viam

113 759 254 824 stratam
274 755 485 840 relinquentes
522 773 575 821 rer
597 772 669 820 cum
691 753 843 820 exercitus
866 753 1053 841 quibusdam
1074 755 1214 839 reliquiis
1238 755 1320 823 Gon·

114 866 358 954 stantinopolim
379 866 479 932 rediit
502 863 565 933 Ubi
586 883 658 931 cum
680 863 850 948 aliquantis
872 864 1062 950 principibus
1084 865 1215 949 aliisque
1230 882 1319 950 mag·

113 977 255 1061 natibus,
279 976 391 1064 quibus
413 976 535 1042 animus
569 975 617 1041 vel
638 975 770 1062 pecunia
791 994 854 1041 uon
876 974 1038 1057 defecerat,
1061 975 1144 1043 viam
1161 975 1315 1061 Jerosoly·

114 1089 272 1156 mitanam
293 1107 348 1174 por
369 1105 455 1154 mare
476 1086 636 1173 ingressus
659 1088 717 1154 est.

586 1500 695 1568 Cap.
714 1497 854 1556 Lxx.

375 1623 580 1693 calamitates
602 1624 765 1694 exercitus
787 1624 878 1712 regis
900 1623 1068 1694 Francius.

221 1813 284 1883 Sed
305 1815 338 1880 et
357 1810 440 1896 regis
462 1812 610 1880 Francius
642 1812 811 1881 exereitum
832 1817 864 1880 et
886 1832 981 1900 quam
1003 1815 1106 1899 plures
1130 1834 1166 1881 er
1188 1813 1319 1883 Germa·

115 1928 181 2011 nis,
214 1924 269 2012 qni
299 1943 354 2010 per
377 1922 459 1990 riam
481 1927 659 1992 terrestrem
681 1928 911 2012 Jerosolymem
943 1927 1146 2008 tetenderant,
1179 1927 1318 1995 infinitae

116 2043 215 2124 atque
235 2038 415 2104 innumerae
436 2036 628 2104 calamitates
652 2036 959 2123 comprehenderunt.
990 2037 1072 2104 Nam
1097 2056 1168 2105 cum
1190 2038 1230 2104 ad
1250 2040 1319 2106 loca

119 2148 278 2218 montium
297 2146 478 2233 angustiora
499 2148 695 2214 devenissent
715 2149 779 2214 illic
793 2149 888 2215 Turci
909 2148 1069 2233 dispositis
1092 2150 1222 2216 armatis
1245 2169 1318 2216 cum

120 2265 210 2348 parte
231 2259 382 2328 exercitus
411 2260 519 2343 aperta
550 2276 645 2324 mauu
675 2260 833 2344 congressi
854 2263 936 2343 eunt,
970 2281 1049 2348 qnos
1082 2262 1177 2329 stiam
1198 2281 1217 2327 a
1240 2261 1319 2330 facie

119 2373 217 2441 simul
237 2375 270 2440 et
289 2389 309 2437 a
331 2374 418 2458 tergo
439 2374 534 2456 atque
555 2388 575 2435 a
597 2371 731 2455 scopulis
754 2371 888 2456 desuper
909 2374 1129 2458 impugnantes
1147 2374 1315 2440 maximam

120 2504 157 2553 ex
178 2485 224 2553 eis
245 2484 477 2551 multitudinem
512 2487 721 2567 peremerunt,
758 2481 812 2548 ubi
844 2483 940 2548 etiam
973 2503 1077 2551 comes
1100 2485 1276 2554 carinthiae
1291 2485 1317 2573 ι)

118 2597 319 2668 Bernhardus
341 2593 495 2664 occubuit.
516 2594 585 2660 Illic
600 2593 695 2660 etiam
710 2593 884 2679 complures
899 2595 1039 2661 locorum
1054 2597 1207 2680 augustiis
1217 2599 1318 2664 simul

119 2717 154 2781 et
174 2712 368 2780 armatorum
400 2706 505 2774 cuneis
538 2704 658 2773 obsessi
679 2724 752 2771 cum
774 2704 901 2790 quibus,
936 2726 972 2772 er
1006 2725 1066 2791 quo
1088 2707 1234 2792 congredi
1255 2728 1317 2776 non

118 2825 274 2912 poterant,
293 2819 410 2888 relictis
433 2819 497 2885 suis
521 2815 665 2884 omnibus
687 2817 769 2883 solas
791 2817 915 2884 animas
938 2818 1057 2884 salvare
1079 2817 1239 2903 cupientes
1263 2838 1318 2910 per

118 2951 231 3021 aspera
252 2936 285 3000 et
305 2932 402 2997 ardua
422 2929 576 2995 montium
597 2926 706 3014 fugam
727 2928 873 2995 inierunt.
898 2929 985 2995 Inter
1007 2946 1084 3012 quos
1106 2928 1200 2994 etiam
1221 2930 1318 2997 irater

118 3048 205 3134 regis
223 3045 435 3112 Romanomm
468 3038 542 3106 Otto
564 3038 771 3124 Frisingsnsis
804 3039 969 3125 episcopus
991 3058 1054 3106 non
1076 3041 1179 3106 solum
1199 3042 1319 3108 calcea·

120 3156 238 3226 mentis
261 3153 316 3221 sed
338 3151 432 3217 etiam
453 3148 585 3239 pedibus
621 3149 738 3215 attritis
760 3148 842 3217 fame
864 3169 987 3235 quoque
1007 3167 1045 3216 ac
1065 3151 1138 3235 gelu
1159 3151 1318 3219 conlectus

119 3271 161 3337 ad
183 3265 341 3354 quandam
362 3261 520 3328 ciuitatem
552 3261 743 3326 maritimam
764 3281 836 3327 cnm
858 3261 1033 3329 devenisset
1053 3262 1252 3334 miseratione
1273 3265 1319 3330 ci-

118 3384 208 3450 vium
240 3375 359 3444 refotus
394 3377 487 3459 alque
523 3377 632 3439 mutuo
651 3372 691 3439 ab
713 3374 757 3439 eis
779 3374 913 3459 acceptis
945 3371 1100 3458 aliquibus
1134 3373 1228 3438 etiam
1249 3373 1318 3459 ipse

118 3513 174 3580 per
197 3507 284 3556 mare
305 3486 535 3570 ierosolymam
572 3486 712 3553 tetendit.
725 3481 753 3570 ²)
797 3484 947 3551 Similiter
969 3486 1074 3550 autem
1096 3501 1149 3548 rer
1170 3483 1318 3550 Franciae

117 3601 332 3672 calamitatem
363 3615 425 3663 uon
447 3596 602 3661 modicam
620 3595 759 3664 incurrit.
803 3596 885 3662 Nam
909 3614 982 3662 cum
1004 3591 1203 3662 Antiochiam
1226 3594 1315 3659 deve·

117 3716 221 3784 nisset
242 3709 381 3793 nihilque
401 3707 475 3788 illic,
509 3711 616 3792 utpote
647 3709 728 3776 inter
749 3707 969 3792 compatriotas
992 3725 1076 3786 suos,
1109 3704 1317 3790 suspicaretur
1448 3774 1453 3786 ⁸

119 3824 207 3906 mali,
227 3820 336 3889 fraude
357 3819 451 3886 simul
473 3822 505 3884 et
527 3819 557 3884 vi
578 3838 633 3902 per
653 3817 823 3903 principem
845 3816 980 3882 ciuitatis
1001 3816 1145 3901 propriae
1167 3815 1279 3895 uxoris,
1293 3813 1317 3898 ὃ)

116 3952 217 4024 quam
238 3950 345 4000 secum
367 3931 503 4010 duxerat,
516 3930 671 3997 consortio
692 3929 832 4014 priuatus
854 3931 912 3996 est.
934 3929 1019 4012 Quae
1043 3945 1115 3992 cum
1137 3930 1210 4011 post
1231 3929 1314 3992 tem·

226 4163 246 4235 ι)
264 4163 327 4220 eod.
346 4162 479 4216 corinthia

224 4263 246 4335 ¹)
264 4263 358 4320 Gonfm
376 4262 441 4332 quid
460 4262 494 4314 ad
512 4261 581 4315 hunc
606 4261 690 4314 locum
717 4261 851 4327 scripserit
869 4254 1050 4310 Meielralbock
1075 4259 1103 4310 in
1130 4271 1177 4312 sus
1201 4257 1317 4312 Historia

266 4363 376 4428 Frising.
395 4361 457 4416 edit.
478 4358 558 4415 1724.
580 4361 638 4414 tom.
655 4355 678 4414 1.
698 4374 724 4427 p.
742 4357 765 4414 1.
786 4373 810 4426 p.
830 4355 893 4412 330.

224 4459 246 4532 ⁸)
263 4461 399 4519 Eleonors.
416 4461 506 4526 regins
523 4459 654 4522 Francius,
672 4457 756 4525 neptis
775 4459 831 4508 erat
848 4454 986 4508 Raimundd
1004 4456 1073 4521 regis
1090 4451 1278 4512 Antiochensis.
