3168 5214
1267 405 1329 469 369

131 561 342 630 Gomorrheos
366 565 501 651 Spiritus
525 570 650 633 sanetus
674 570 817 652 appellat,
848 571 907 634 nisi
941 572 1011 654 quia
1044 572 1191 655 iniquitas
1223 575 1330 657 populi

130 675 225 759 hujus
248 681 373 760 peooato
410 679 614 744 Sodomorum
650 680 761 746 similis
800 683 847 746 vel
882 683 963 747 siout
1001 683 1154 749 Jeremias
1192 684 1331 766 deplorat

128 789 260 870 peceato
284 808 392 854 eorum
414 790 514 874 major
537 792 634 856 erat?
678 792 763 873 Quae
800 793 896 876 igitur
932 812 967 858 er
1004 792 1161 859 Trinitate
1198 793 1330 878 persona

123 898 208 980 justi
229 899 398 966 vindictam
422 905 530 967 eontra
552 901 704 985 ejusmodi
742 901 918 968 Sodomitas
952 905 1123 970 exercuisse
1151 903 1330 968 arbitranda

128 1013 188 1090 est,
214 1028 308 1092 quam
330 1012 463 1096 Spiritus
501 1016 636 1090 sanotae,
674 1013 762 1096 eujus
793 1015 990 1080 sanctitatem
1020 1018 1051 1078 ot
1086 1016 1202 1079 morale
1231 1016 1327 1098 magi-

127 1122 262 1186 sterium
297 1123 400 1204 iidem,
431 1123 670 1206 lerosolymitae
702 1126 803 1190 dicam
837 1144 876 1190 an
913 1126 1112 1191 sodomitae?
1145 1125 1263 1207 spurcis
1299 1129 1330 1188 et

130 1233 251 1316 iniquis
275 1232 414 1298 moribus
437 1235 571 1299 maxime
594 1253 628 1298 ao
651 1235 825 1318 specialiter
848 1235 1012 1300 offendisse
1033 1241 1252 1320 agnoscuntur.

623 1574 733 1642 Gap.
754 1576 849 1629 VII.

121 1773 285 1840 'triforme
308 1774 384 1840 ante
407 1773 515 1841 latam
537 1774 643 1860 legem
665 1777 861 1862 prooessisse
898 1796 922 1842 s.
952 1775 1125 1843 Trinitatis
1144 1775 1318 1863 julleium.

122 1909 268 1996 Itemque
291 1910 440 1979 triforme
462 1913 534 1998 post
557 1911 664 1980 datam
693 1913 800 1999 legem
822 1931 861 1979 ae
893 1913 1095 1999 legislatoris
1129 1913 1322 1981 missionem.

224 2119 325 2203 Igitur
346 2119 427 2184 siout
449 2122 521 2183 ante
543 2121 646 2202 legem
667 2117 807 2184 triforme
829 2118 991 2183 hominum
1010 2122 1177 2202 peceatum
1189 2119 1325 2186 triformi

119 2230 241 2314 judioio
263 2230 406 2314 punitum
428 2239 475 2295 est
498 2229 639 2295 videlieet
661 2249 716 2314 per
738 2231 899 2308 diluvium,
933 2249 988 2312 per
1023 2229 1234 2297 ooninsionem
1266 2233 1325 2297 lin-

123 2360 268 2427 guarum,
292 2361 350 2426 por
373 2343 551 2406 incendium
579 2345 609 2405 et
643 2343 874 2406 subversionem
912 2340 1046 2425 quinque
1069 2340 1239 2422 civitatum,
1274 2348 1318 2408 ita

124 2456 250 2535 etpost
272 2453 377 2514 datam
399 2452 509 2544 legem
537 2451 601 2516 sive
638 2451 825 2534 legislatoris
863 2450 895 2514 in
929 2451 1106 2534 Aegyptum
1145 2452 1326 2516 missionem

123 2567 201 2628 item
241 2562 381 2628 triforme
417 2567 579 2645 peceatum
625 2562 758 2626 triformi
795 2562 930 2626 vindicta
972 2562 1114 2642 punitum
1152 2565 1208 2641 est,
1254 2562 1327 2626 dum

124 2673 286 2738 Pharaone
309 2673 468 2738 submerso
503 2678 610 2739 saneta
648 2677 730 2739 terra
764 2678 884 2757 septem
920 2677 1028 2757 gentes
1071 2673 1326 2738 chananaeorum

121 2783 270 2856 evomuit,
293 2786 367 2848 dum
389 2801 519 2868 regnum
541 2786 638 2850 lsrael
660 2803 678 2848 a
702 2786 793 2849 donno
821 2785 917 2849 David
942 2785 1079 2848 soissnm
1110 2786 1184 2869 post
1220 2783 1325 2850 deoem

122 2899 156 2962 in
179 2895 347 2979 semetipso
368 2896 531 2960 scissiones
554 2897 586 2959 in
609 2895 755 2978 Assyrios
779 2896 966 2959 translatum
1001 2913 1062 2959 una
1101 2913 1171 2959 oum
1209 2898 1325 2978 populo

124 3011 182 3084 est,
204 3008 278 3070 dum
301 3007 477 3072 Jerusalem
499 3011 624 3090 propter
648 3009 809 3088 corruptos
834 3025 935 3071 mores
969 3010 999 3071 et
1034 3006 1214 3090 sanguinem
1253 3024 1326 3086 pro-

122 3119 287 3201 phetarum
309 3121 403 3200 atque
425 3118 621 3182 innocentem
644 3117 778 3182 effusum
801 3117 959 3182 destructa
982 3121 1012 3182 et
1027 3117 1168 3182 inoendio
1183 3115 1321 3201 fiagrata,

122 3227 318 3309 maximaque
354 3245 423 3308 pars
465 3227 571 3352 populi
610 3227 643 3290 in
682 3225 887 3308 Babyloniam
924 3227 1058 3292 abducta
1097 3230 1153 3302 est,
1187 3229 1322 3310 dumque

123 3340 230 3403 eadem
253 3339 428 3404 Jerusalem
463 3355 563 3402 ooerso
595 3338 727 3402 Domino
753 3356 788 3400 ao
820 3337 856 3400 rle
896 3339 1045 3421 sangnine
1080 3337 1145 3419 ejus
1180 3357 1324 3404 mensura

122 3453 246 3534 patrum
278 3450 416 3530 ipsorum
456 3450 606 3531 compieta
647 3447 793 3512 subversa
823 3447 961 3512 funditus
1006 3466 1067 3511 nna
1103 3465 1191 3532 oum,
1207 3451 1322 3531 templo

123 3564 180 3638 est,
194 3564 387 3645 gentequae
410 3560 512 3644 gladio
537 3558 699 3643 superfuit,
723 3559 754 3622 in
779 3578 885 3623 omnes
909 3563 1016 3640 gentes
1039 3558 1113 3623 fune
1134 3558 1322 3639 captivitatis

124 3671 268 3737 abducta.
314 3671 448 3752 Quodsi
472 3661 615 3752 displicet
639 3673 693 3733 aut
718 3670 880 3752 displicere
903 3667 995 3733 debet
1017 3668 1138 3752 singula
1157 3666 1223 3749 jam
1258 3687 1322 3734 me·

123 3786 244 3848 morata
262 3783 379 3866 judicia
402 3782 532 3865 singulis
556 3799 611 3845 nos
646 3782 677 3842 in
711 3784 818 3844 saneta
852 3780 1005 3844 trinitate
1038 3779 1214 3861 assignasse
1253 3800 1321 3862 per·

123 3896 206 3960 sonis
244 3895 293 3958 vel
326 3893 385 3957 hoo
415 3910 519 3969 nemo,
558 3889 612 3973 qni
647 3891 838 3955 contradicat
876 3893 929 3954 aut
964 3888 1173 3954 contradicere
1200 3889 1318 3972 debeat,

122 4007 224 4091 ipsam
247 4006 361 4070 trinam
383 4007 454 4068 ante
476 4005 581 4067 datam
603 4003 704 4084 legem
727 4001 879 4084 simulque
901 4001 1014 4065 trinam
1045 4002 1117 4083 post
1155 4001 1232 4085 legis
1267 4003 1320 4066 da·

123 4119 199 4183 toris
232 4118 399 4182 adventum
428 4114 617 4198 judiciorum
654 4112 824 4177 vindictam
857 4116 981 4177 sanotae
1015 4111 1176 4176 Trinitatis
1213 4131 1319 4198 opera-

123 4228 239 4293 tionem
261 4227 514 4311 respioerequae
538 4224 734 4309 tyrannicum
757 4222 871 4288 diaboli
894 4243 1023 4307 regnum
1044 4222 1139 4288 simul
1162 4226 1193 4288 et
1214 4223 1317 4289 homi-

122 4358 197 4404 num
221 4337 286 4420 eius
310 4337 489 4423 superbiam
511 4339 606 4420 atque
627 4351 739 4401 vanam
762 4333 974 4399 curiositatem
1000 4352 1056 4399 neo
1089 4351 1151 4399 non
1183 4334 1317 4400 immun·

124 4450 231 4517 titiam
252 4449 444 4516 imitantium
474 4451 619 4531 paratum
649 4447 749 4513 sinere
781 4463 845 4510 non
875 4444 990 4526 debuit,
1024 4444 1096 4529 quin
1133 4445 1238 4608 poppe
1271 4447 1318 4511 in·
