3172 5202
1282 361 1345 432 103

647 534 757 603 Cap.
775 533 852 590 LI.

142 656 304 746 Culpatur
336 657 479 729 dualitas
508 655 684 726 sacerdotii
713 676 779 727 non
809 657 914 727 solum
949 658 985 726 in
1015 656 1260 727 christianismo
1294 658 1352 728 scd

520 771 616 840 etiam
639 770 674 839 in
695 771 828 858 antiquo
850 769 978 858 populo.

249 930 310 998 Sed
331 950 387 998 nec
408 933 478 998 illas
500 933 539 997 ab
560 930 730 1016 impietatis
763 932 911 1015 mysterio
945 932 1112 998 divisiones
1134 948 1263 997 vacasse
1284 949 1352 996 oro·

144 1044 289 1123 dideuim
312 1063 390 1130 quae
411 1049 486 1130 post
506 1046 639 1111 Herodis
672 1045 863 1130 alienigenae
884 1045 914 1110 in
938 1064 1033 1130 regno
1050 1045 1178 1128 judaico
1202 1043 1352 1109 sublima-

144 1157 266 1222 tionem
286 1157 450 1222 saoerdotii
473 1157 588 1242 pariter
611 1162 643 1224 et
665 1158 749 1223 illius
772 1158 861 1242 regni
883 1157 985 1223 factae
1007 1161 1090 1223 snut.
1113 1155 1234 1239 Nempe
1252 1172 1352 1220 sacer·

140 1269 224 1334 dotii
244 1270 431 1356 pontificalis
455 1287 540 1355 aper,
565 1269 617 1352 qui
639 1287 657 1334 a
680 1267 874 1354 temporibus
890 1268 997 1334 Aaron
1018 1264 1200 1333 unicuilibet
1214 1265 1351 1330 filiorum

141 1382 214 1466 ejus
238 1383 398 1466 usquead
421 1399 456 1448 ea
477 1385 619 1466 tempora
652 1381 822 1447 successim
854 1380 1004 1445 indivisus
1028 1397 1063 1444 ex
1085 1376 1271 1445 auctoritate
1293 1375 1352 1442 Dei

138 1493 361 1579 praecipientis
395 1495 587 1576 provenerat,
610 1493 646 1557 ut
668 1510 748 1557 unus
771 1492 855 1578 apud
877 1509 930 1557 eos
969 1507 1112 1557 suummus
1135 1489 1278 1553 sacerdos
1301 1489 1350 1552 vel

139 1606 285 1690 princeps
309 1605 505 1670 sacerdotnm
527 1605 681 1669 diceretur
703 1607 735 1669 et
757 1607 849 1683 esset,
872 1602 984 1668 abhinc
1005 1619 1061 1684 pro
1084 1600 1219 1664 humano
1241 1597 1349 1662 alieni·
1464 1625 1465 1630 1

138 1733 240 1801 genae
254 1717 337 1800 rogis
352 1715 481 1782 arbitrio
499 1717 610 1782 indues
623 1734 762 1781 summos
778 1715 877 1781 dictos
890 1712 1066 1780 sacerdotes
1079 1708 1267 1776 distributus
1290 1710 1348 1774 est.

139 1825 232 1891 Unde
247 1832 279 1891 et
293 1826 370 1892 illud
385 1827 487 1892 Lucae
502 1827 718 1913 Evangelistae
744 1827 959 1892 testimoninm
982 1823 1130 1909 qnoniam
1146 1820 1215 1887 sub
1233 1820 1349 1905 prin·

141 1937 304 2022 cipibus
326 1938 583 2003 sacerdotum
605 1940 755 2021 Anna1)
778 1943 817 2005 et
841 1935 985 2022 Caipha
1007 1933 1163 2000 factum
1187 1940 1246 2002 est
1267 1954 1348 2002 ver-

140 2047 228 2112 bum
250 2048 407 2114 Domini
429 2068 548 2132 super
569 2049 793 2117 Johannem
815 2047 1041 2116 Zachariae
1062 2045 1188 2111 filium
1213 2047 1251 2112 in
1274 2047 1347 2114 de·

140 2163 265 2225 serto.
289 2159 340 2224 Ad
362 2179 440 2244 qnos
463 2160 558 2225 etiam
580 2164 729 2246 utrosque
751 2163 852 2246 primo
874 2159 1018 2227 videlicet
1033 2158 1073 2222 ad
1088 2157 1214 2224 Annam
1236 2159 1346 2226 deinde

139 2271 179 2334 ad
197 2269 347 2353 caipham
361 2271 515 2336 Dominus
530 2271 623 2338 Jesns
646 2273 678 2336 in
699 2273 842 2356 passione
858 2289 915 2338 sua
929 2271 1082 2337 adductus
1098 2287 1204 2336 coram
1219 2271 1263 2336 eis
1278 2271 1348 2335 irri-

139 2401 206 2459 sus,
230 2382 331 2464 sputis
353 2382 451 2447 illitus
475 2388 506 2447 et
528 2382 705 2467 exalapatus
721 2386 770 2448 est
792 2387 886 2468 atqua
900 2382 940 2447 ab
956 2383 1000 2449 eis
1015 2384 1055 2448 ad
1070 2373 1213 2448 Pilatum
1223 2381 1347 2446 vinctus

138 2491 305 2558 adductus.
322 2491 418 2575 (injus
434 2493 593 2559 divisionis
608 2493 640 2558 in
656 2495 786 2561 eeclesia
798 2499 828 2561 et
840 2499 948 2561 contra
960 2495 1122 2562 ecclesiam
1135 2494 1252 2563 Christi
1266 2511 1347 2559 oom-

138 2604 227 2688 plero
250 2604 434 2687 mysterium
454 2623 490 2670 ex
511 2607 604 2690 longo
622 2607 690 2690 jann
710 2612 849 2693 tempore
865 2612 990 2675 satanas
1006 2610 1134 2675 molitus
1152 2612 1209 2674 est.
1233 2608 1346 2696 lnqua

137 2714 304 2780 molitione
320 2734 377 2781 sua
392 2733 411 2781 a
426 2715 619 2804 temporibus
631 2719 753 2785 Nicolai
768 2738 867 2806 papae
885 2720 1011 2786 secundi
1027 2720 1129 2802 magis
1144 2720 1346 2804 prosperatus

138 2831 200 2895 est.
221 2829 267 2894 Eu
290 2832 365 2895 tuuc
387 2831 479 2910 enim,
503 2837 538 2899 ut
560 2851 653 2919 supra
675 2833 794 2899 dictum
817 2836 875 2914 ast,
900 2831 1051 2916 Gregorio
1065 2829 1134 2894 Vll.
1158 2829 1345 2913 Wiopertua

138 2938 266 3006 Gelasio
289 2941 447 3008 Burdiuus
470 2961 489 3009 a
510 2944 636 3030 regibus
658 2944 845 3011 herodianae
867 2944 1005 3009 malitiae
1027 2939 1223 3008 consortibus
1239 2959 1347 3024 super-

137 3049 254 3115 iutrusi
276 3054 360 3117 sunt.
384 3052 504 3132 Contra
520 3055 736 3122 Innocentium
759 3073 882 3139 quoque
904 3054 1074 3120 secuudum
1097 3051 1211 3117 Petrus
1233 3050 1345 3116 Leonis

138 3161 259 3228 Urbem
294 3163 394 3229 tenuit
429 3166 530 3248 quoad
551 3165 628 3231 vixit
649 3166 681 3231 in
703 3165 779 3232 urbe
800 3185 885 3254 papa
909 3164 1099 3243 nominatus,
1132 3162 1187 3229 sed
1209 3160 1292 3227 orbis
1315 3164 1346 3227 et

138 3272 329 3339 universitas
363 3276 510 3343 ecclesiae
546 3279 673 3360 propter
710 3278 867 3345 electionis
906 3280 938 3344 et
974 3275 1156 3361 eligentium
1191 3263 1345 3358 potiorem

138 3387 264 3470 partem
297 3386 330 3451 in
363 3386 581 3453 Innocentium
604 3393 771 3457 consensit.
818 3389 968 3456 Similiter
991 3390 1023 3454 ot
1046 3387 1222 3472 Wiopertus
1253 3386 1347 3470 atqua

137 3497 299 3562 Burdinns
322 3497 412 3564 facile
433 3515 453 3563 a
474 3500 635 3567 catholicis
660 3505 691 3568 et
712 3502 752 3568 ab
774 3500 976 3567 universitate
998 3496 1154 3584 reprobati
1176 3498 1260 3576 sunt,
1284 3495 1346 3562 eui·

137 3606 296 3674 stentihus
318 3608 467 3676 nimirum
489 3613 592 3678 causis
611 3613 785 3680 manifestis
803 3611 1003 3702 intrusionis,¹
1020 3627 1077 3694 pro
1102 3605 1214 3692 quibus
1238 3624 1344 3691 repro·

136 3715 258 3782 babilas
281 3717 454 3785 extiterant.
500 3720 552 3788 Sic
573 3725 605 3789 et
626 3723 659 3789 iu
682 3723 792 3790 ceteris
817 3742 914 3808 nsque
945 3723 985 3787 ad
1018 3717 1195 3788 Cornelium
1217 3733 1340 3802 papam,

137 3825 192 3893 oui
213 3828 370 3913 praeferre
392 3851 426 3898 se
447 3833 606 3901 nitebatur
620 3834 773 3917 Novanus,
787 3836 1063 3920 quotienscumque
1084 3829 1195 3896 divisio
1211 3832 1242 3895 et
1258 3827 1346 3912 quasi

138 3938 276 4005 dualitas
313 3944 362 4006 vel
396 3944 491 4010 etiam
521 3945 683 4031 pluralitas
716 3947 929 4013 Romanorum
951 3941 1141 4010 Pontificum
1176 3959 1231 4026 per
1253 3956 1347 4023 qnas-

138 4055 293 4138 cunque²l
317 4071 426 4121 causas
448 4058 497 4121 vel
521 4057 697 4124 occasiones
721 4058 858 4138 emersit,
881 4054 971 4121 facile
994 4054 1054 4120 fuit
1076 4052 1223 4120 ecclesiae
1238 4068 1346 4137 repro·

140 4163 216 4230 bare
238 4167 358 4230 malum
381 4171 412 4232 et
433 4169 547 4253 eligere
569 4169 696 4252 bouum,
719 4168 1010 4236 habentinimirum
1026 4184 1135 4233 causas
1151 4164 1346 4248 inpromptu

140 4310 193 4319 ..—-

245 4351 264 4411 1)
284 4355 345 4408 Luc.
364 4355 390 4410 3.
410 4353 436 4408 2.

245 4450 265 4521 ²)
284 4454 339 4507 eod.
358 4470 541 4523 quoscumque.
