3172 5202
1258 389 1319 458 107

114 557 294 643 exquirunt.
322 558 458 643 Propter
479 558 539 624 hoc
561 557 678 624 vicinas
702 557 843 623 ciuitates
867 559 955 643 quasi
978 557 1069 626 beato
1095 560 1189 627 Petro
1213 564 1321 628 adver-

114 670 218 736 sarias
241 669 323 736 bello
346 673 478 748 tentant,
503 670 620 754 sopitas
643 672 675 734 ct
695 670 883 735 inveteratas
905 669 1035 754 iujurias
1053 673 1214 754 suscitant,
1239 674 1321 740 iutra

113 783 223 868 ipsam
255 781 414 847 ciuitatem
447 782 497 846 uel
528 799 584 865 pro
620 779 707 863 Papa
736 781 785 845 uel
816 783 923 846 contra
945 781 1066 866 Papam
1094 783 1214 867 aliquas
1244 805 1322 871 pene

114 911 242 978 sempor
262 892 417 959 motiones
441 893 626 976 excogitant,
659 896 695 957 ut
717 891 792 956 dum
815 911 937 976 semper
958 911 1066 958 eorum
1101 895 1189 978 quasi
1210 896 1322 961 auxilio

115 1004 259 1090 indigeat
280 1023 405 1089 semper
426 1007 458 1070 ot
480 1003 548 1089 ipse
571 1004 724 1088 expendat
745 1020 782 1068 ac
805 1022 929 1089 semper
950 1004 1012 1089 ipsi
1037 1006 1200 1091 accipiant.
1224 1003 1324 1073 Dum·

117 1136 181 1200 quo
209 1114 348 1194 entheca,
381 1115 462 1198 quod
496 1114 673 1199 frequenter
700 1116 863 1200 contingit,
896 1117 1020 1199 punitus
1052 1118 1201 1184 exhausta
1229 1119 1325 1184 fucrit

115 1227 198 1293 bauo
220 1227 249 1292 ei
270 1224 371 1293 facere
394 1227 502 1292 volunt
524 1227 670 1310 pecunias
693 1228 941 1309 accomodantes,
971 1247 1046 1314 quas
1077 1230 1171 1296 iidem
1200 1230 1261 1314 ipsi
1283 1229 1322 1294 ab

117 1359 156 1407 eo
179 1338 337 1424 recipiant.
382 1337 473 1421 Quod
497 1338 524 1403 si
552 1337 634 1402 inter
662 1337 738 1404 haec
764 1339 921 1404 contentio
952 1340 1034 1406 inter
1064 1341 1140 1408 duas
1174 1343 1320 1409 ecclesias

116 1451 307 1536 praedivites
330 1451 367 1516 do
388 1449 526 1533 primatu
555 1452 605 1516 uel
634 1449 930 1536 archiepiscopalia
961 1454 1048 1532 sede,
1077 1456 1132 1518 aut
1161 1453 1256 1518 etiam
1285 1453 1324 1518 do

119 1561 264 1628 terminis
288 1579 408 1628 emersa
429 1561 534 1642 fuerit,
557 1579 620 1626 uon
641 1561 757 1626 mirum
780 1562 870 1642 sihi,
893 1581 912 1628 a
936 1563 1047 1647 quibus
1070 1564 1171 1628 multa
1194 1563 1321 1647 erigun-

119 1677 173 1741 tur
195 1676 228 1739 et
250 1674 304 1758 qui
327 1676 408 1740 torte
427 1690 496 1739 aare
518 1673 617 1739 alieno
641 1672 772 1758 obligati
787 1676 812 1761 9)
839 1680 922 1755 sunt,
957 1675 1143 1761 ampliorem
1166 1675 1245 1740 retia
1266 1694 1323 1740 sua

118 1785 309 1852 laxabuntur
331 1785 453 1851 inauri
475 1789 507 1852 et
528 1786 650 1870 argenti
672 1789 860 1872 capturam?
884 1786 1023 1870 Contigit
1036 1789 1141 1852 tamen
1158 1787 1323 1871 aliquando

119 1897 388 1982 piaememoriae
416 1913 500 1983 papa
531 1897 670 1982 Eugenio
697 1898 903 1984 praesidente,
941 1899 977 1963 ut
1011 1897 1159 1983 sagmarii
1192 1899 1326 1964 duorum

120 2008 333 2094 praedivitum
354 2007 667 2093 archiepiscoporum,
694 2009 838 2075 videlicut
865 2008 1060 2077 (iolouieusis
1084 2011 1115 2074 et
1137 2009 1324 2093 Mogrmtiui,

121 2120 227 2186 onusti
242 2120 379 2186 redirent
392 2137 412 2184 a
426 2118 536 2186 Roma.
560 2121 700 2204 Quorum
710 2141 790 2186 unus
802 2121 946 2187 videlicet
958 2120 1160 2201 coloniensis,
1177 2120 1327 2204 quoniam

122 2231 309 2298 deteriorum
332 2248 459 2297 causam
481 2231 600 2311 habuit,
630 2251 687 2318 pro
711 2251 773 2317 qua
796 2237 828 2299 et
847 2233 1008 2318 depositus
1032 2237 1090 2312 est,
1124 2231 1164 2298 ab
1186 2230 1252 2316 ejus
1273 2250 1328 2314 pe·

124 2341 215 2408 cunia
237 2341 420 2409 abstentum
444 2346 501 2409 est.
538 2341 630 2409 Alter
652 2362 734 2423 vcro,
764 2344 883 2410 scilicet
904 2343 1120 2428 Mogontiuus,
1148 2342 1180 2407 in
1202 2341 1328 2407 miseri-

123 2453 229 2520 cordia
246 2452 272 2536 8)
295 2453 476 2520 emendatus
499 2458 556 2535 est,
581 2454 635 2519 sed
656 2474 695 2518 ue
717 2455 897 2539 acceptioue
918 2454 1068 2540 pecuniae
1089 2455 1192 2519 delata
1207 2453 1240 2518 in
1257 2471 1328 2518 eum

124 2565 290 2631 clementia
311 2565 476 2645 videretur,
507 2565 625 2632 dictum
652 2569 701 2632 est
727 2571 759 2633 ot
785 2567 845 2646 illi,
878 2583 950 2633 cum
972 2566 1058 2654 quali
1080 2568 1166 2631 ueste
1189 2565 1325 2630 introist'

123 2699 198 2746 cum
219 2676 276 2744 tali
299 2694 396 2743 ereas.
432 2675 494 2743 Sed
516 2677 574 2754 hcc
597 2676 717 2743 factum
747 2681 863 2763 quanto
891 2678 991 2742 rarius
1022 2675 1069 2741 illi
1091 2675 1161 2740 urbi
1184 2679 1271 2742 tauto
1295 2676 1329 2742 in

125 2794 234 2857 sancto
263 2791 331 2855 uiro
362 2807 443 2877 papa
464 2788 603 2874 Eugeuio
629 2790 819 2874 praeclarius
842 2793 874 2855 et
892 2787 963 2873 jure
984 2805 1046 2852 non
1069 2787 1157 2872 parui
1179 2787 1322 2854 miraculi

126 2901 249 2968 obtinet
263 2899 459 2987 dignitatem,
482 2899 527 2965 ita
548 2902 584 2964 ut
606 2899 638 2964 in
654 2897 720 2983 ejus
736 2900 947 2966 laudemauro
962 2897 1023 2963 dici
1038 2897 1153 2980 possit:
1176 2899 1329 2964 Beatus

125 3011 186 3078 uir
207 3013 275 3097 qui
298 3014 393 3098 post
414 3028 550 3077 aurum
573 3029 650 3076 nou
671 3009 857 3075 abiituoo
873 3007 1330 3094 speravitinpeouniae

126 3123 334 3190 thesauris.
357 3121 456 3205 Quis
480 3124 539 3186 est
561 3120 625 3186 hic
648 3123 686 3186 et
707 3119 958 3197 laudabimus
982 3138 1084 3197 eum;
1108 3117 1203 3185 fecit
1225 3119 1331 3184 enim

127 3233 331 3302 mirabilia
362 3234 403 3299 iu
431 3232 625 3298 rita'sua.
670 3233 741 3317 Qui
767 3232 901 3316 potuit
927 3232 1169 3316 transgredi
1191 3234 1229 3296 st
1257 3249 1331 3295 non

128 3351 501 3431 esttransgressus,
524 3343 655 3411 facere
677 3344 777 3410 mala
800 3346 935 3409 utnon
957 3341 1097 3426 fecit.⁴)
1131 3341 1176 3407 At
1197 3341 1266 3421 hoo,
1294 3345 1330 3406 ut

127 3456 198 3537 diri,
222 3455 297 3542 quia
318 3457 529 3523 caldararum
545 3465 645 3540 etpro
662 3457 789 3522 raritate
803 3454 828 3540 ⁵)
851 3454 992 3520 miraculi
1007 3453 1127 3519 obtinet
1144 3453 1328 3537 dignitatem

126 3566 239 3656 majori
261 3568 333 3635 usui
353 3568 559 3653 plurimorum
585 3568 644 3634 hoc
673 3567 829 3654 singulare
858 3587 934 3653 opus
957 3566 1048 3632 unius
1072 3565 1131 3631 viri
1153 3585 1215 3631 non
1238 3582 1330 3649 praa·

128 3679 256 3766 judicat,
280 3679 445 3763 quominus
470 3679 600 3745 avaritia
622 3681 704 3765 apud
726 3699 779 3747 cos
803 3679 961 3766 incapite
984 3677 1034 3744 sit.

338 4026 382 4034 ...-

234 4097 254 4168 1)
273 4098 328 4152 cod.
349 4097 526 4162 archicpalim.

234 4195 255 4266 ²)
274 4197 331 4251 cod.
352 4195 471 4262 abligati.

233 4293 255 4363 ⁸)
273 4295 330 4348 oud,
350 4293 438 4354 nuidis,
458 4293 537 4347 scurz.
558 4293 638 4346 midia
657 4292 844 4348 misericordia.

233 4393 255 4460 ⁴)
274 4391 349 4447 Eucli
368 4391 412 4446 31.
432 4391 531 4446 8-10.

237 4489 257 4562 ὂ)
274 4493 331 4547 cod.
351 4490 470 4545 ruditate.
