3158 5212
683 800 792 868 (rap.
812 797 1020 854 XXVIII.

277 923 427 995 Paschali
449 923 595 992 telesino
616 921 769 1006 succedit,
793 921 845 989 cui
866 920 1030 989 Burdinns
1051 938 1072 988 a
1093 939 1174 1008 rego
1196 924 1437 1012 superponitur.

356 1111 428 1178 Non
450 1111 549 1176 multo
572 1112 644 1195 post
665 1112 806 1192 tempore
827 1106 970 1173 Paschali
992 1109 1181 1193 papatiam
1203 1109 1363 1176 universae
1385 1129 1454 1177 car·

256 1225 305 1291 nis
328 1225 468 1307 ingresso
484 1219 626 1286 Gelasius
649 1219 682 1283 in
703 1217 886 1303 pontificatu
908 1219 1054 1298 succedit,
1078 1219 1215 1304 optimus
1238 1223 1269 1286 et
1290 1221 1358 1307 ipse
1376 1222 1457 1306 legis

257 1333 315 1400 Dei
336 1351 372 1399 ac
394 1332 547 1397 libertatis
570 1329 795 1396 ecclesiasticae
817 1331 997 1410 aemulator,
1029 1329 1116 1414 cujus
1138 1335 1211 1415 post
1233 1333 1459 1399 ordinationem

258 1445 306 1510 die
327 1443 392 1508 XL
423 1443 586 1508 Heinricus
621 1441 791 1525 imperator
815 1438 931 1506 Urbem
956 1439 1113 1524 ingressus
1142 1439 1276 1508 bestiam
1302 1445 1459 1528 quandam

257 1553 562 1621 nominePurdinnm
581 1551 818 1637 superintonet,
852 1549 975 1616 Gelasio
992 1568 1075 1635 papa
1090 1551 1130 1616 ab
1149 1551 1234 1618 Urbe
1255 1553 1461 1638 deturbat0.¹)

258 1667 377 1732 Iterum
408 1664 512 1729 vidore
544 1665 611 1728 erat
644 1661 906 1726 abominationem
939 1661 1137 1727 desolationis
1170 1666 1305 1730 stantem
1329 1665 1362 1730 in
1389 1667 1459 1733 loco

259 1781 366 1843 sancto
400 1775 612 1857 filiumque
645 1773 893 1859 perditionis
931 1772 972 1836 in
1005 1775 1150 1858 templo
1180 1776 1265 1857 Dei,
1300 1777 1382 1861 qnod
1411 1782 1461 1844 est

259 1887 398 1968 ecclesia,
422 1887 620 1951 sedentem
636 1903 755 1968 seque
774 1903 888 1969 super
910 1901 1037 1964 omno,
1061 1886 1165 1967 quod
1185 1887 1338 1952 dicitur
1356 1889 1460 1954 Deus

259 2002 327 2065 aut
359 1997 464 2083 quod
495 1996 666 2075 colitur,
690 1993 992 2079 extollenteml)
1016 1992 1139 2062 Gelasio
1161 2015 1244 2083 papa
1266 1999 1407 2064 exciente
1429 2003 1462 2065 et

260 2111 398 2177 Burdino
421 2110 526 2176 sedem
547 2107 576 2172 b.
600 2107 697 2185 Petri,
725 2109 821 2172 immo
843 2127 915 2174 vero
940 2113 971 2175 ot
994 2107 1109 2176 Christi
1132 2109 1246 2190 sedem,
1278 2114 1459 2197 occupante.

164 2213 167 2217 ’
260 2224 309 2289 De
340 2241 402 2305 quo
435 2220 563 2304 ejusque
596 2218 749 2284 similibus
768 2219 839 2303 jure
870 2221 1006 2301 dixerim,
1036 2221 1119 2304 quod
1146 2240 1239 2307 super
1262 2241 1352 2287 omne
1376 2223 1460 2306 quod

260 2333 373 2398 dicitur
403 2332 488 2397 Deus
517 2333 572 2395 aut
601 2331 684 2413 quod
713 2330 825 2396 colitur
854 2350 887 2396 se
911 2331 1063 2412 extulerit,
1091 2331 1244 2415 siquidem
1271 2351 1334 2398 non
1356 2334 1461 2398 solnm

260 2444 340 2510 veris
363 2443 479 2511 Christi
501 2439 712 2508 sacerdotibus
735 2441 907 2525 dequibus
930 2459 948 2506 a
970 2442 1104 2507 Domino
1128 2443 1249 2526 dicitur,
1280 2463 1351 2530 ogo
1375 2444 1460 2511 dixi

260 2555 317 2620 dii
350 2555 447 2621 estis
481 2557 520 2620 et
552 2551 638 2618 filii
669 2553 820 2619 excelsi
854 2555 1020 2634 omnesi)
1053 2555 1107 2619 sed
1131 2557 1162 2619 et
1191 2554 1314 2622 Christo
1336 2559 1461 2641 praeter

261 2683 355 2749 quem
376 2667 453 2730 alius
475 2685 537 2731 non
559 2668 607 2730 est
628 2665 713 2730 Deus
737 2684 770 2730 se
793 2666 846 2749 qui
868 2665 1019 2750 ejusmodi
1042 2669 1114 2733 sunt
1132 2667 1289 2753 praeferre
1307 2667 1460 2749 nituntur,

260 2777 336 2844 dum
356 2777 425 2862 ipso
449 2780 554 2862 spreto
577 2779 608 2843 et
630 2775 760 2858 abjecto,
790 2776 844 2859 qui
870 2795 960 2843 verus
984 2777 1129 2844 eeclesiae
1151 2796 1284 2863 sponsus
1308 2780 1365 2861 est,
1393 2777 1460 2864 ejus

260 2889 365 2956 locum
384 2887 556 2954 adulterino
579 2906 657 2954 ausu
677 2887 861 2972 pervadunt.

786 3274 947 3330 XXIX.

498 3394 666 3463 contentio
688 3395 937 3484 interregnum
959 3398 993 3465 et
1015 3397 1239 3467 sacerdotium.

366 3585 407 3650 Et
428 3583 584 3649 Burdinus
619 3582 743 3667 quidem
779 3585 884 3650 sedem
906 3584 936 3650 b.
960 3584 1045 3651 Petri
1088 3603 1241 3669 occupans
1275 3585 1466 3672 subrogabat
1564 3561 1565 3588 ³

264 3716 320 3781 pro
342 3695 517 3779 iniquitatis
540 3695 722 3779 complendo
740 3697 899 3780 mysterio,
923 3695 1066 3764 Gelenius
1089 3716 1161 3765 vero
1184 3699 1310 3764 exulans
1324 3703 1350 3787 ⁴)
1373 3699 1465 3783 quusi
1564 3697 1565 3748 ἶ

196 3813 197 3816 ’
265 3812 354 3892 pater
385 3807 485 3872 filium
506 3824 611 3890 regem
632 3805 814 3873 Heinricum
846 3809 886 3874 ad
908 3809 1129 3876 correctionem
1150 3809 1272 3892 invitat,
1311 3814 1463 3895 quatenus
1564 3809 1565 3814 ’

266 3918 409 3985 videlicet
441 3918 587 3984 ecclesiae
618 3919 651 3983 iu
681 3918 881 3985 electionibus
915 3920 1132 4004 episcoporum
1165 3940 1255 3989 suam
1286 3920 1465 3988 libertatem

267 4029 449 4108 dimitteret,
473 4031 504 4094 et
526 4032 673 4112 statuam,
698 4048 791 4115 quam
810 4031 843 4096 in
865 4034 971 4097 sancto
993 4033 1061 4098 loco
1082 4036 1189 4100 contra
1200 4034 1302 4100 Deum
1317 4038 1464 4115 erexerat,

369 4244 388 4311 ¹)
408 4244 593 4297 Praecedautia
611 4244 689 4297 verba
708 4259 732 4301 v.
751 4243 843 4300 Ghrou.
862 4245 1010 4300 Reicharsb.
1030 4245 1064 4299 od
1083 4258 1108 4302 a.
1129 4245 1208 4302 1115.

369 4341 389 4408 1)
408 4341 445 4394 Il.
465 4341 556 4393 Thess.
575 4341 601 4395 2.
620 4341 646 4396 4.

368 4440 379 4472 ⁸
408 4439 451 4491 Ps.
474 4437 517 4492 81.
538 4437 564 4493 6.

369 4435 390 4605 ‘i
409 4535 549 4604 Sequentia
568 4536 647 4591 rurba
665 4538 726 4592 vide
745 4537 834 4596 Chrou
857 4542 1007 4596 Reichersb.
1029 4543 1062 4596 ad
1081 4555 1105 4597 a.
1125 4542 1205 4600 1115.
