3168 5190
254 416 315 482 288

257 605 309 664 „se
330 585 370 651 ab
393 603 428 648 eo
450 589 602 666 precatur.
624 584 668 650 Ut
690 583 774 649 enim
796 583 828 646 in
849 583 970 646 unitate
987 600 1043 646 sua
1060 586 1207 661 maneret,
1231 587 1267 649 ut
1282 585 1456 659 manserat,

257 695 506 779 „glorilioaturus
529 714 600 759 eum
623 696 703 778 apud
726 714 760 760 so
775 695 870 759 Pater
889 695 965 774 erat,
990 692 1062 776 quia
1078 693 1195 777 gloriae
1210 713 1284 759 suae
1298 694 1457 758 unitatem

258 804 549 890 „perobedientiam
569 805 807 889 dispensationis
831 806 1011 882 excesserat,
1035 804 1153 869 seilicet
1176 806 1264 869 utin
1287 823 1322 870 ea
1337 807 1455 870 natura

258 936 332 1002 „per
342 915 600 1000 glorificationem
623 936 731 982 rursus
747 920 839 994 esset,
855 915 887 979 in
905 933 964 998 quo
981 897 1012 997 ¹)¹
1027 919 1219 980 sacramento
1243 918 1310 981 orat
1331 916 1458 982 divinae

258 1027 448 1109 „nativitatis
481 1029 585 1093 unitus
619 1032 761 1111 essetque
784 1026 871 1093 Patri
903 1026 986 1109 apud
1019 1027 1220 1110 semetipsum
1241 1026 1456 1112 glorificatum

258 1142 312 1218 „ut
334 1139 415 1223 quod
435 1141 516 1221 apud
539 1159 610 1204 eum
639 1143 710 1204 ante
731 1138 883 1204 habuerat
896 1137 922 1224 Ἃ)
956 1143 1094 1205 maneret
1126 1159 1225 1224 neque
1258 1140 1451 1205 abalienaret

259 1248 317 1327 „ab
339 1267 374 1314 eo
396 1248 514 1314 formae
537 1249 594 1314 Dei
615 1253 768 1330 naturam,
801 1248 921 1316 formae
950 1250 1071 1317 servilia
1093 1250 1268 1335 assumptio
1292 1250 1346 1314 sed
1367 1249 1454 1332 apud

260 1360 480 1442 „semetipsum
512 1359 703 1444 glorificaret
724 1359 858 1426 formam
881 1363 975 1441 servi,
1009 1365 1045 1427 nt
1077 1363 1216 1427 maneret
1249 1363 1281 1427 iu
1296 1363 1320 1446 3)
1353 1361 1459 1426 forma

260 1471 345 1549 „Det
380 1471 451 1553 quia
473 1471 525 1553 qni
547 1471 579 1535 iu
601 1472 658 1536 Dei
681 1471 781 1537 lorma
814 1476 973 1538 manserat
1004 1474 1087 1540 idern
1110 1477 1177 1538 erat
1196 1474 1230 1539 iu
1252 1473 1333 1540 servi
1354 1473 1460 1538 forma

260 1585 309 1659 „et
331 1600 403 1646 oum
425 1581 505 1646 servi
539 1580 639 1648 forma
662 1582 865 1667 glorificanda
888 1587 971 1649 osset
992 1583 1024 1648 in
1046 1584 1105 1649 Dei
1127 1585 1244 1663 lorma,
1278 1584 1361 1668 apud
1383 1602 1460 1649 eum
1506 1603 1510 1610 ·

260 1693 381 1776 „ipsum
402 1690 604 1776 glorificanda
627 1696 709 1772 erat,
732 1694 765 1758 in
784 1692 872 1777 enjus
895 1692 997 1760 forma
1018 1695 1141 1761 servilis
1163 1697 1230 1760 erat
1250 1694 1376 1761 habitus
1399 1694 1460 1760 ho-

261 1805 463 1882 „norandus.“

713 2111 823 2179 cap.
842 2109 1002 2168 xmv.

258 2234 495 2306 continuantur
524 2231 625 2301 verba
657 2252 682 2300 s.
715 2233 835 2301 Hilarii
867 2232 1006 2302 Gerhohi
1039 2232 1220 2302 doetrinam
1252 2231 1454 2303 roborantia.

359 2425 440 2489 Item
461 2422 494 2485 in
516 2421 624 2486 eodem
645 2423 719 2507 post
740 2420 853 2504 aliqua.
867 2419 893 2503 ⁴)
919 2419 1000 2498 „Sed
1021 2419 1103 2486 forto
1124 2420 1197 2486 hino
1217 2420 1388 2504 inaequalis
1412 2421 1460 2488 vi-

263 2535 371 2613 „detur
393 2533 480 2600 Patri
500 2531 585 2598 lilius
609 2533 682 2616 quia
704 2532 732 2598 ei
753 2535 826 2616 post
848 2533 1081 2600 evacuationem
1102 2531 1221 2598 formae
1242 2531 1302 2599 Dei
1323 2532 1460 2598 donatur

263 2645 340 2721 „hoo
361 2663 475 2710 nomen
497 2643 580 2727 quod
603 2647 651 2709 est
673 2662 767 2729 super
789 2662 879 2710 omne
901 2661 1024 2712 nomon.
1070 2641 1234 2708 calumnia
1255 2643 1331 2708 haeo
1354 2660 1460 2708 saera·

263 2761 423 2834 „mantum
444 2758 623 2839 assumptae
644 2755 830 2820 humilitatis
852 2755 984 2839 ignorat.
1010 2754 1043 2821 si
1065 2754 1148 2819 enim
1162 2753 1309 2819 nativitas
1323 2753 1458 2819 hominis

264 2871 425 2947 „naturam
455 2884 569 2932 novam
596 2865 703 2931 intulit
725 2868 756 2930 et
777 2865 938 2930 humilitas
973 2864 1107 2930 lormam
1129 2865 1304 2932 demutavit
1326 2863 1385 2930 snb
1407 2881 1459 2929 as·

264 2978 461 3063 „sumptione
483 2977 588 3042 servili
609 2995 691 3042 nuno
713 2977 838 3041 donatio
861 2975 995 3041 nominis
1015 2974 1134 3070 formae
1156 2975 1257 3041 reddit
1271 2973 1297 3056 ὁ)
1322 2975 1459 3059 aequali-

264 3093 388 3168 „tatem
413 3088 446 3155 Si
462 3088 544 3153 enirn
558 3087 617 3153 hoo
634 3090 784 3153 donatum
800 3088 882 3171 quod
896 3087 955 3153 Dei
971 3090 1020 3153 est
1038 3085 1063 3171 6)
1086 3086 1316 3172 ignobilitatem
1337 3086 1459 3152 divinae

265 3201 412 3280 „illinon
445 3199 563 3264 invehit
595 3201 733 3263 naturae.
776 3198 918 3281 Denique
956 3197 1015 3264 hoo
1048 3216 1130 3264 nuno
1162 3199 1244 3282 quod
1277 3198 1409 3263 donatur
1430 3196 1460 3263 ei

265 3331 404 3393 „nomen
427 3314 458 3376 ot
479 3310 506 3375 si
527 3309 640 3375 habeat
658 3309 730 3374 doni
746 3312 974 3374 sacramentum
996 3328 1059 3374 non
1082 3313 1187 3375 tanum
1209 3308 1303 3376 habet
1322 3309 1356 3374 in
1378 3309 1458 3375 dono

266 3421 415 3499 „nominis
448 3439 560 3486 nomen
583 3421 727 3486 alienum.
771 3420 912 3485 Donatur
945 3420 1027 3484 enim
1049 3421 1136 3500 Josu,
1174 3430 1210 3484 ut
1243 3420 1271 3486 ei
1303 3419 1458 3499 eoelestia,

266 3533 452 3614 „terrestria
474 3530 593 3597 inferna
615 3549 696 3615 genu
717 3530 844 3596 flectant
867 3533 898 3595 et
920 3531 1020 3596 omnis
1041 3532 1358 3616 linguaoonliteatur,
1382 3549 1459 3614 quo-

265 3645 367 3724 „niam
388 3643 541 3709 Dominus
562 3643 656 3710 Josus
678 3642 710 3706 in
732 3641 832 3726 gloria
854 3644 902 3706 est
924 3642 982 3707 Dei
1004 3642 1118 3708 Patris.
1152 3642 1363 3711 confessionis
1386 3659 1458 3726 ergo

266 3755 376 3839 „hujus
398 3755 497 3819 honor
519 3755 660 3832 donatur,
695 3756 730 3818 ut
762 3751 795 3817 in
828 3752 928 3837 gloria
950 3753 1008 3819 Dei
1040 3751 1143 3819 Patris
1177 3755 1220 3819 sit
1252 3752 1458 3820 confitendus.

266 3865 385 3942 „Audis
400 3862 424 3947 7)
457 3864 564 3949 itaque
587 3868 620 3929 et
642 3864 735 3929 Pater
766 3863 867 3947 major
888 3883 938 3930 me
960 3867 1025 3943 ost,
1058 3865 1137 3930 seito
1171 3885 1242 3930 eum
1265 3865 1302 3930 de
1324 3883 1386 3948 qno
1421 3861 1460 3928 ob

267 3975 431 4053 „meritum
454 3974 645 4042 obedientiae
666 3976 785 4040 dietum
807 3978 872 4056 est,
895 3977 927 4040 et
948 3975 1116 4041 donavit
1137 3975 1169 4041 ei
1190 3993 1334 4042 nomen
1356 3973 1460 4059 qnod

267 4089 351 4164 „est
373 4104 491 4169 super
512 4105 626 4152 omne
646 4089 833 4170 nomen.⁸)
868 4084 968 4152 Audis
985 4086 1009 4170 9)
1030 4105 1149 4154 rursus.
1179 4088 1259 4172 Ego
1281 4090 1321 4153 et
1342 4086 1460 4152 Pater

368 4295 388 4368 ¹)
413 4299 454 4353 od.
480 4316 539 4368 qua.
573 4329 600 4339 -
637 4298 657 4369 ²)
681 4301 721 4353 od.
746 4301 868 4357 habebat.
900 4331 933 4340 -
972 4298 993 4370 8)
1017 4302 1091 4355 deest
1114 4305 1140 4354 in
1167 4301 1280 4354 editione
1306 4307 1401 4355 nostra.
1429 4328 1459 4340 -·

266 4396 288 4468 ι)
307 4399 370 4453 odit.
390 4399 461 4452 Basil
482 4398 553 4453 1550
571 4415 630 4465 pag.
650 4397 711 4454 187.
733 4428 762 4439 -·
788 4397 808 4468 5)
827 4401 869 4454 ad.
889 4400 1013 4454 reddidit.
1035 4429 1068 4438 -
1090 4398 1111 4468 ⁶)
1130 4401 1172 4454 ad.
1191 4405 1238 4462 est,
1258 4405 1365 4453 naturae
1384 4400 1460 4466 hujus

264 4498 357 4551 donum
375 4499 428 4562 ign.
446 4525 478 4536 -
494 4495 513 4565 1)
532 4498 594 4553 edit.
610 4495 685 4552 Cum.
704 4497 780 4551 audis
798 4500 887 4566 itaque
902 4499 986 4552 Pater.
1005 4527 1035 4539 -
1049 4495 1071 4568 8)
1089 4499 1159 4554 Phil.
1176 4500 1202 4555 2.
1216 4500 1241 4553 9.
1259 4527 1289 4538 -
1308 4495 1327 4566 ὕ)
1345 4497 1387 4552 ad.
1400 4497 1461 4550 audi
