3168 5190
701 858 814 925 Cap.
834 855 998 912 XXXI.

276 983 450 1052 Tractatus
472 983 587 1051 contra
609 982 820 1054 Plrotinianos
842 983 876 1050 ct
898 983 1107 1051 Nestorianos
1129 983 1235 1051 nostri
1257 983 1424 1072 temporis.

348 1171 453 1255 Atque
476 1175 512 1238 ut
532 1189 633 1257 pauca
666 1174 774 1236 contra
808 1171 908 1236 nostri
930 1171 1081 1255 temporis
1105 1169 1309 1237 Photinianos
1333 1174 1365 1236 et
1388 1169 1452 1236 Ne·

245 1283 409 1362 clarianus,
432 1301 522 1349 veros
537 1282 684 1348 nimirum
700 1283 913 1362 antichristos,
936 1283 1138 1362 disseramus,
1163 1284 1319 1366 quomodo
1343 1301 1450 1349 veram

244 1393 379 1460 hominis
401 1395 433 1458 in
456 1395 559 1460 Deum
581 1414 617 1460 eu
632 1396 697 1460 Deo
720 1394 917 1460 nativitatem
941 1394 1099 1478 quispiam
1121 1413 1235 1480 negare
1257 1398 1449 1482 praesumat,

246 1521 316 1570 cum
338 1523 444 1570 veram
466 1509 498 1571 et
517 1505 747 1572 substantivam
769 1504 863 1571 Verbi
892 1505 1014 1588 paterni
1035 1504 1068 1570 in
1090 1524 1144 1571 cor
1176 1509 1208 1571 et
1229 1509 1355 1570 rotarum
1388 1505 1452 1571 oir-

244 1616 326 1701 ginis
355 1616 510 1683 mediante
533 1616 650 1703 Spiritu
673 1619 799 1694 sancto,
823 1615 876 1699 qui
899 1632 988 1681 amor
1009 1620 1058 1683 cst
1081 1617 1195 1698 Patris,
1219 1619 1449 1682 eructationem

244 1746 307 1793 non
328 1732 421 1812 neget
443 1727 524 1793 sicut
546 1727 697 1813 scriptum
720 1730 790 1794 est:
821 1727 1027 1794 eructarit
1046 1747 1116 1794 cor
1137 1747 1266 1793 meum
1286 1726 1453 1794 verbum

245 1839 387 1907 bonum
411 1842 495 1907 dico
519 1861 593 1926 ego
617 1859 737 1926 opera
759 1858 843 1905 mea
866 1840 966 1924 regi,
997 1839 1141 1924 lingua
1163 1857 1247 1905 mea
1269 1839 1453 1906 calamus

246 1939 403 2020 scribae
425 1953 623 2019 velociter
645 1952 909 2040 scribentis.¹)
930 1954 1051 2037 lingua
1072 1969 1206 2035 namque
1222 1951 1326 2018 Patris
1349 1951 1453 2037 Spiri-

244 2067 297 2131 tus
320 2068 446 2131 sanctus
469 2067 527 2145 est,
562 2083 622 2148 quc
656 2066 741 2131 uelut
773 2065 942 2149 interprete
978 2065 1027 2130 rel
1060 2064 1180 2129 calamo
1203 2063 1286 2128 idem
1307 2061 1456 2130 Verbum

246 2177 349 2242 Patris
381 2177 415 2241 in
436 2177 550 2262 pellem
584 2175 741 2261 virgineae
774 2176 875 2243 carnis
911 2174 1160 2242 substantialiter
1181 2177 1213 2241 et
1230 2175 1378 2241 velociter
1410 2173 1456 2241 ab

246 2287 354 2352 eodem
376 2286 480 2354 scriba
501 2287 597 2354 Patre
616 2288 802 2372 inscriptum
824 2291 888 2369 est,
923 2292 1045 2354 utnon
1068 2289 1170 2353 solum
1193 2287 1247 2370 qui
1270 2291 1456 2356 nasceretur

250 2398 304 2463 sed
326 2400 358 2463 et
379 2399 462 2482 quod
496 2400 533 2466 de
558 2417 595 2465 ea
614 2402 795 2466 nasceretur
816 2403 961 2466 sanctum
983 2403 1147 2466 vocaretur
1167 2399 1267 2465 Filius
1293 2400 1362 2466 Dei.

348 2509 429 2594 Quid
452 2510 535 2576 enim
556 2509 600 2576 ibi
622 2530 684 2578 non
717 2530 824 2579 verum
857 2514 912 2578 aut
933 2511 1093 2596 proprium
1130 2510 1170 2576 ad
1192 2510 1314 2577 divinae
1337 2516 1369 2577 et
1390 2509 1457 2577 hu·

245 2639 355 2689 manac
374 2625 583 2708 generationis
616 2642 709 2690 usum
732 2624 793 2690 fuit
815 2624 868 2690 ubi
891 2627 923 2690 et
944 2625 1073 2708 angelos
1107 2621 1337 2707 paranymphus
1359 2639 1457 2707 prae·

246 2735 384 2801 mittitur
405 2738 437 2801 et
458 2734 588 2822 uirginis
611 2753 759 2802 assensus
782 2737 951 2820 quaeritur,
973 2734 1028 2802 ubi
1049 2737 1122 2819 post
1136 2751 1300 2801 assensum
1315 2733 1458 2819 Spiritus

247 2847 374 2911 sanctus
396 2846 429 2910 in
451 2845 604 2929 virginem
627 2847 805 2931 supervenit
827 2850 858 2913 et
880 2847 979 2913 virtus
1001 2846 1151 2932 genitoris
1173 2845 1320 2912 altissimi
1343 2843 1459 2910 obum-

247 2954 346 3023 brat?
369 2957 441 3043 lpse
464 2957 547 3022 enim
570 2956 704 3042 Spiritus
727 2962 853 3024 sanctus
883 2977 991 3024 oerum
1013 2961 1045 3024 et
1066 2956 1332 3024 consubstantiale
1353 2956 1458 3024 Verbi

247 3067 306 3133 Dei
327 3067 515 3133 infusorium
537 3072 594 3149 est,
618 3068 656 3134 de
679 3087 739 3152 quo
762 3070 807 3135 ait
829 3069 1017 3136 Ambrosios
1039 3069 1073 3136 in
1094 3069 1211 3135 Lucam
1231 3070 1272 3134 ad
1294 3069 1457 3135 naturalia

248 3181 427 3259 concedens,
462 3179 609 3263 quoniam
631 3179 768 3267 Spiritus
804 3184 930 3248 sanctus
963 3179 1199 3267 incorruptibile
1233 3200 1339 3247 semen
1360 3183 1455 3248 utero

247 3290 391 3376 virginali
411 3289 537 3356 infudit.
581 3290 642 3358 Sed
663 3290 714 3358 hic
735 3293 907 3376 grunniunt
940 3292 1088 3359 haeretici
1111 3293 1232 3359 dianas
1256 3293 1455 3376 operationes

247 3404 416 3470 secundum
449 3419 522 3467 suas
555 3405 661 3486 turpes
689 3402 927 3488 imaginationes
950 3405 1124 3470 metientes.
1169 3405 1322 3470 Dominus
1344 3407 1456 3471 antem

249 3511 387 3600 Spiritus
422 3516 471 3580 est
494 3517 526 3580 et
546 3515 600 3598 qui
622 3515 762 3600 cogitant
783 3517 821 3580 de
842 3516 897 3583 illo
920 3516 1123 3600 spiritualiter
1156 3518 1280 3602 oportet
1302 3518 1455 3604 cogitare,

248 3624 465 3710 spiritualibus
488 3626 663 3713 spiritualia
693 3629 901 3714 comparando
930 3647 987 3694 nec
1010 3611 1119 3695 deduci
1140 3629 1180 3693 ad
1201 3627 1454 3714 imaginationes.

247 3736 372 3802 Etenim
405 3757 476 3803 cum
499 3738 584 3805 Deos
618 3758 681 3804 non
704 3741 807 3806 solum
829 3739 964 3823 Spiritus
999 3740 1053 3805 sed
1076 3744 1108 3805 et
1130 3739 1299 3823 spirituum
1320 3740 1454 3824 spiritus

248 3847 299 3927 sit,
321 3847 438 3914 habens
461 3869 568 3916 semen
588 3849 823 3934 incorruptibile
834 3850 975 3917 Verbum
997 3854 1029 3917 et
1052 3850 1245 3936 Sapientiam
1267 3869 1367 3932 suam,
1387 3870 1454 3935 quo

247 3976 303 4042 par
325 3957 476 4042 Spiritum
498 3980 593 4027 soum
614 3961 714 4030 foetet
735 3963 856 4029 animas
879 3965 965 4029 caste
987 3963 1116 4028 dilectas
1139 3981 1176 4030 ac
1192 3962 1356 4046 diligentes
1380 3964 1454 4047 quis

247 4066 489 4153 imaginabiliter
510 4071 637 4138 seminis
657 4073 751 4157 hujus
774 4075 814 4139 ad
834 4074 954 4140 animas
976 4075 1126 4159 illapsum
1148 4074 1327 4158 concipiat?
1361 4074 1456 4159 Quod

248 4179 356 4264 utique
378 4198 440 4245 non
462 4181 522 4247 sibi
543 4203 636 4269 poros
659 4188 715 4251 ant
737 4186 803 4251 vias
835 4185 957 4270 quaerit
978 4185 1018 4250 ad
1035 4185 1280 4270 ingrediendum,
1303 4185 1457 4268 quoniam

249 4289 364 4375 ubique
386 4296 444 4373 ast,
468 4313 530 4360 non
553 4296 706 4362 clausuris
729 4298 779 4363 rel
801 4297 971 4362 obstaculis
1006 4299 1129 4363 arcetur
1151 4297 1298 4380 quoniam
1320 4297 1455 4383 spiritus

251 4438 348 4445 -.-—
363 4439 384 4444 ...
396 4438 439 4444 .—

353 4507 371 4577 1)
390 4510 432 4563 rs.
452 4509 496 4564 eo.
517 4507 542 4561 a.
