3168 5214
1268 418 1332 484 355

116 585 295 666 „Dominus
317 585 350 650 in
372 583 562 667 Evangelio:
585 583 643 647 Ille
666 602 716 647 me
738 581 930 652 clarificabit.
967 584 1039 652 Hou
1057 588 1234 654 rectissime
1261 609 1331 654 sen-

120 699 264 776 „tientes
286 716 384 760 nuum
400 694 561 762 Christum
595 697 627 759 et
658 694 776 759 Filium
810 712 871 758 non
906 697 992 760 velut
1024 697 1154 762 alterius
1189 703 1333 783 egentem

118 808 241 894 „gioria
263 806 491 872 eonfitemnra
522 803 646 890 Spiritu
683 809 791 870 saneto
825 805 957 889 gloriam
995 812 1216 874 consecutum:
1260 810 1333 892 qnia

120 917 284 1004 „Spiritus
296 936 353 983 neo
364 917 484 998 melior,
497 935 554 981 neo
577 915 718 999 superior
740 916 810 1000 ipso
833 920 891 996 est,
905 919 958 982 sed
986 916 1061 1001 quia
1082 918 1219 984 humana
1241 939 1333 1005 opera

121 1030 261 1108 „faciens
283 1030 323 1094 ad
347 1027 647 1094 demonstrationem
673 1044 748 1092 suae
771 1026 896 1092 deitatis
920 1028 1035 1094 uirtute
1056 1031 1176 1115 proprii
1208 1031 1336 1114 spiritus

122 1140 291 1218 „utebatur
313 1140 444 1224 abipso
467 1139 655 1205 clarificatus
679 1139 802 1218 dieitur,
826 1141 964 1222 eoquod
1000 1141 1099 1206 uirtus
1129 1159 1186 1208 sua
1208 1142 1257 1206 uel
1289 1141 1337 1205 di·

122 1253 275 1336 „soiplina
297 1250 454 1335 quaelibet
475 1269 728 1334 unumquemque
754 1249 913 1316 clarificet.
944 1251 1094 1334 Quamvis
1121 1230 1205 1317 enirn
1226 1252 1259 1316 in
1280 1269 1335 1316 sue

120 1364 186 1441 „sit
207 1363 385 1428 substantia
408 1361 546 1446 Spiritus
570 1360 637 1446 ejus
659 1366 691 1426 et
713 1361 909 1444 intelligatur
930 1361 963 1426 in
986 1381 1119 1444 persona
1151 1361 1336 1447 proprietas,

121 1475 230 1560 „juxta
241 1475 274 1541 id
286 1476 369 1559 qnod
391 1472 531 1558 Spiritus
553 1478 603 1540 est
625 1477 657 1538 et
677 1489 745 1538 non·
761 1472 875 1550 Filius;
898 1475 1038 1540 attamen
1060 1475 1180 1540 alienus
1202 1491 1265 1538 non
1287 1491 1335 1561 est

121 1586 184 1666 „ab
206 1588 271 1667 illo,
291 1605 365 1652 nam
387 1583 527 1672 Spiritus
549 1586 725 1670 appellatus
749 1588 798 1649 est
819 1582 960 1650 ueritatis
983 1588 1016 1648 et
1038 1584 1153 1650 veritas
1187 1583 1331 1651 Christus

122 1703 201 1778 „est
225 1699 316 1766 Unde
337 1699 434 1764 etiam
456 1697 496 1764 ab
517 1698 585 1783 ipso
609 1697 753 1764 similiter
786 1696 869 1762 siout
901 1713 920 1760 a
952 1697 1018 1762 Deo
1052 1695 1146 1760 Patre
1179 1693 1337 1777 procedit·

122 1811 288 1895 „Denique
316 1809 368 1875 hie
389 1810 456 1894 ipse
479 1807 620 1893 Spiritus
643 1808 740 1874 etiam
764 1827 821 1893 per
853 1824 966 1873 manus
1006 1809 1187 1872 sanctorum
1208 1810 1335 1889 aposto-

123 1923 248 2000 „lomm
271 1922 425 1987 miracula
446 1921 584 2006 gloriosa
601 1919 764 2004 perfitiens
798 1919 971 1985 Dominum
1003 1917 1191 2003 glorifieavit
1223 1915 1336 1982 Jesurn

123 2031 317 2112 „Christum
340 2037 509 2116 postquam
531 2031 672 2096 aseendit
693 2033 727 2095 in
746 2031 879 2096 eoelum.
924 2029 1009 2096 Nam
1042 2029 1178 2094 ereditur
1213 2028 1337 2095 Christo

124 2144 278 2222 „existere
299 2164 357 2229 per
379 2162 471 2209 snum
494 2143 646 2228 Spiritum
669 2143 801 2208 virtutes
836 2141 983 2207 efficiens.
1032 2139 1167 2223 ideoque
1200 2137 1338 2206 dicebat:

125 2255 201 2330 „De
226 2274 307 2320 meo
330 2256 517 2342 aooipiet
540 2259 579 2319 et
600 2253 870 2321 annuntiabit
892 2249 1019 2318 uobis.
1026 2255 1067 2332 ¹“)
1083 2253 1163 2317 Item
1186 2250 1340 2334 Didymus

123 2364 156 2428 in
179 2365 258 2430 libro
283 2367 321 2430 de
344 2364 466 2450 Spiritu
481 2370 636 2447 senoto²):
664 2367 831 2444 „salvatos
857 2367 993 2452 qui⁸)et
961 2365 1130 2431 etreritas
1152 2362 1218 2426 ait.
1184 2359 1338 2425 Nton

130 2477 248 2542 ..enim
271 2479 493 2560 loquetura
516 2480 770 2562 semetipsoq,
793 2477 853 2543 hoo
875 2481 924 2542 est
946 2496 1008 2542 non
1024 2476 1091 2542 sine
1122 2494 1173 2539 me
1209 2475 1241 2536 et
1274 2471 1340 2536 sine

129 2606 219 2665 „meo
243 2590 275 2652 et
297 2587 402 2653 Petris
421 2587 564 2669 arbitrio,
595 2589 896 2674 quiainseparebilis
929 2590 978 2652 est
1010 2603 1029 2650 a
1061 2602 1132 2650 mea
1166 2586 1197 2648 et
1234 2580 1337 2646 Patris

129 2698 310 2776 „voluntate
333 2700 530 2784 etamplius
555 2702 627 2785 quia
649 2721 685 2766 er
707 2721 740 2766 se
763 2720 825 2766 uon
848 2704 906 2778 est,
930 2700 983 2764 sed
1006 2717 1042 2762 er
1066 2695 1161 2762 Patre
1184 2698 1216 2760 et
1237 2711 1256 2757 a
1288 2711 1340 2756 me

129 2812 206 2886 „est
229 2809 299 2875 Hoc
322 2811 405 2876 enim
427 2811 542 2896 ipsum,
555 2813 638 2896 quod
655 2815 703 2877 est
728 2815 760 2877 et
783 2812 928 2877 consistit
950 2814 983 2876 et
1004 2810 1143 2892 loquitur
1166 2828 1185 2874 a
1208 2811 1341 2874 I'atreet

130 2939 167 2998 „a
180 2940 231 2986 me
242 2922 288 2987 illi
311 2926 369 2986 est.
392 2923 458 3006 Ego
482 2924 646 2989 ueritatem
668 2925 779 3007 loquor
790 2924 810 2988 i.
827 2946 852 2989 e.
866 2923 994 3007 inspiro,
1009 2922 1277 3006 quaeioquitnr⁵)‚
1292 2920 1335 2984 si·

131 3033 276 3116 „quidem
299 3032 437 3118 Spiritus
459 3034 600 3100 ueritatis
623 3038 679 3100 est.
705 3035 814 3102 Dioero
836 3038 942 3100 antem
965 3039 997 3100 et
1018 3035 1104 3118 loqui
1127 3033 1160 3098 in
1183 3033 1336 3098 Trinitete

132 3161 215 3220 „non
228 3145 400 3208 seeundum
413 3146 669 3212 consuetudinem
691 3150 843 3226 nostram,
867 3165 928 3230 qua
949 3147 1063 3210 advos
1092 3145 1340 3210 sermocinamur

130 3258 181 3332 „et
201 3255 370 3338 loquimur,
392 3256 609 3341 accipiendum
624 3261 689 3337 est,
704 3260 757 3324 sed
776 3258 866 3342 juxta
888 3258 1023 3324 rer-mam
1036 3260 1220 3324 naturarum
1234 3257 1339 3320 innor-

130 3384 315 3450 „porearum
329 3367 507 3432 etmarime
529 3368 703 3449 Trinitatis,
716 3388 795 3453 quae
812 3371 1005 3434 voluntatem
1029 3385 1120 3433 snam
1141 3364 1287 3453 ingeritss)
1310 3366 1342 3429 in

131 3479 245 3554 „eorda
256 3479 450 3544 credentium
462 3481 493 3542 ot
515 3499 623 3545 eorum
643 3481 788 3548 cordibus
812 3479 1038 3563 inse1·itnr‚qui
1060 3497 1130 3544 eam
1152 3479 1238 3564 digni
1265 3483 1339 3546 sunt

134 3587 269 3665 „audire
294 3587 431 3671 Liquido
454 3608 527 3673 orgo
560 3593 608 3654 est
645 3591 745 3656 dioere
779 3592 907 3657 Patrem
939 3595 972 3657 et
1000 3591 1107 3656 audire
1140 3590 1255 3656 Filium
1290 3591 1337 3656 uel

134 3783 342 3793 ..ι-ἡ.
351 3783 384 3790 ...-

235 3849 348 3920 ¹)Jonn.
369 3852 411 3906 16.
434 3853 476 3906 15.
500 3881 529 3890 -·
553 3852 573 3920 ¹¹)
592 3855 619 3908 O.
640 3856 663 3908 J.
686 3853 714 3909 0.
734 3873 754 3905 o.
779 3854 820 3908 14.
841 3856 875 3907 do
894 3870 1006 3908 oorrseor.
1026 3856 1086 3908 dist.
1106 3855 1132 3909 5.
1156 3885 1187 3896 .,
1220 3853 1241 3922 ³)
1275 3857 1331 3910 eod.

130 3960 207 4010 (puae.
229 3973 263 3983 --
283 3945 304 4009 ⁴)
321 3944 481 3999 Joanuso.
503 3975 535 3985 ·-
559 3943 581 4013 ⁵)
600 3948 657 4001 eod.
678 3948 775 4014 loquor.
799 3976 830 3986 —
855 3945 924 4015 ε)(1.
944 3948 968 4001 J.
989 3947 1016 4001 U.
1037 3950 1127 4000 inserit
1145 3951 1171 4001 in
1191 3949 1269 4000 oordo
1298 3965 1334 4001 er.

130 4041 157 4084 ot
177 4049 199 4086 o.
219 4037 264 4102 qui
284 4051 340 4086 oam
359 4035 452 4088 audire
471 4043 530 4088 snut
549 4038 630 4104 digni,
650 4039 699 4093 hoo
718 4047 755 4091 est
775 4041 864 4092 dicero
883 4045 907 4092 et
930 4041 1007 4106 toqui.
1046 4041 1128 4108 Loqui
1146 4055 1207 4106 ergo
1234 4047 1332 4107 patrem

131 4126 235 4180 stand.
256 4126 276 4180 f.
297 4142 319 4178 u
340 4143 363 4182 e.
384 4127 436 4179 titio
455 4129 618 4196 loquentes
639 4147 664 4198 p.
685 4147 708 4185 e.
728 4147 752 4183 n.
772 4133 798 4182 in
819 4135 891 4198 patre
911 4135 936 4184 ot
956 4132 1009 4183 titio
1029 4147 1088 4183 eon
1077 4147 1265 4198 orsusque
1254 4134 1334 4196 sigui·

132 4220 217 4269 tioatio
235 4227 273 4270 est
291 4219 402 4284 Spiritus
420 4235 522 4287 quoqne
541 4227 686 4288 sanetusq.
708 4237 730 4274 e.
750 4224 792 4290 Sp.
815 4238 840 4276 u.
859 4227 884 4273 et
913 4239 951 4288 sp.
983 4239 1003 4273 s.
1027 4238 1049 4273 n.
1077 4239 1101 4290 p.
1128 4223 1182 4274 titio
1212 4224 1332 4289 loquente

130 4310 225 4362 audire
242 4325 288 4376 qu.
307 4326 332 4364 n.
352 4329 374 4362 o.
396 4312 419 4366 h.
440 4314 458 4365 i.
480 4315 557 4379 sitq.
578 4329 603 4380 p.
623 4315 704 4366 αἱ·
697 4330 714 4366 1.
735 4329 758 4367 e
777 4330 816 4381 pr.
836 4316 979 4366 aieriteto
998 4320 1023 4366 et
1051 4295 1121 4366 oonss
1148 4329 1182 4368 m.
1207 4314 1241 4366 do
1270 4330 1338 4365 oens·

131 4401 302 4468 Denique..
323 4403 505 4470 ..Didymus
524 4404 558 4458 do
576 4407 709 4472 spiritns.
738 4404 785 4460 lib.
817 4405 856 4459 11.
882 4407 950 4457 inter
982 4421 1038 4472 opp
1070 4422 1090 4458 s.
1115 4405 1268 4472 Hieronymi
1304 4405 1346 4457 ed.

133 4491 241 4545 Parisiis
262 4491 332 4548 1706
351 4499 411 4549 tom.
435 4494 482 4552 11.
503 4512 527 4562 p.
547 4494 570 4550 1.
591 4499 632 4550 eol
660 4497 722 4553 515.

1178 4582 1238 4648 23*
