3168 5190
249 418 311 486 196

247 609 304 676 pro
324 587 414 654 nobis
435 588 517 653 iuter
539 586 717 670 peccatores
741 582 882 666 deputari
905 580 1050 665 dignatus
1066 582 1124 646 est.
1147 577 1297 646 Similiter
1318 583 1350 644 et
1373 580 1461 664 dup-
1577 563 1578 648 Ῠ

247 701 299 767 lici
324 698 450 784 justitia
483 694 664 782 corporibus
697 693 962 758 resurrectionem
994 691 1067 756 dare
1088 692 1199 774 potens
1222 695 1279 756 est.
1323 693 1458 758 Primo
1577 673 1578 698 ¹

249 811 391 877 uidelicet
413 810 484 893 quia
495 810 580 874 Deus
603 809 661 886 est,
683 806 781 870 vitam
805 807 837 869 et
858 803 1035 870 vivificandi
1057 805 1258 888 potestatem,
1281 802 1375 867 dante
1396 825 1461 870 een
1577 803 1578 812 ’

248 925 416 1008 generante
437 922 541 999 Patre,
573 917 690 984 habens
711 918 743 982 iu
766 917 944 999 semetipso,
979 917 1060 981 sicut
1082 915 1178 978 Pater
1200 927 1321 996 quoquo
1354 914 1462 979 vitam

249 1034 344 1100 habet
376 1033 409 1099 in
441 1032 619 1115 semetipso,
653 1047 726 1094 nam
756 1029 837 1093 sicut
859 1029 953 1093 Pater
987 1046 1063 1111 quos
1097 1027 1165 1092 vult
1187 1025 1323 1090 viviticat
1354 1025 1401 1090 ita
1424 1029 1464 1090 et
1577 1099 1578 1112 χ

250 1145 332 1210 filius
366 1164 444 1229 quos
480 1146 548 1210 uult
581 1141 769 1227 vivificat31)
802 1140 983 1218 secundo,
1017 1139 1089 1221 quia
1119 1139 1158 1202 ad
1189 1139 1324 1202 mortem
1353 1155 1462 1219 usque

250 1256 388 1340 corporis
431 1257 497 1339 ipse
540 1254 723 1321 humiliatus
773 1255 821 1319 est
863 1253 991 1336 propter
1034 1267 1112 1329 nos,
1155 1247 1303 1312 nimirum
1346 1251 1463 1314 noster

250 1369 411 1448 Elissam,
449 1369 531 1452 quod
567 1368 788 1450 interpretatur
824 1363 894 1429 Dei
929 1360 1005 1427 mei
1043 1360 1178 1441 salus,
1215 1361 1292 1425 adeo
1329 1361 1462 1424 mortno

250 1482 358 1546 nostro
396 1478 593 1558 incumbens,
638 1481 674 1543 ut
710 1480 844 1543 mortem
884 1478 1026 1541 nostrum
1068 1472 1135 1554 ipse
1178 1469 1336 1535 moriendo
1379 1488 1464 1536 oon·

251 1591 386 1676 tingeret
422 1591 528 1675 sicque
565 1592 602 1655 de
640 1591 751 1674 simpla
795 1607 851 1654 sua
889 1590 920 1652 et
957 1585 1043 1651 vitali
1084 1586 1184 1649 morte
1222 1580 1311 1661 nobis
1347 1584 1465 1647 contra

251 1700 380 1785 duplam
400 1703 542 1766 nostram
564 1701 699 1765 mortem
721 1699 897 1764 antidotum
919 1696 1074 1762 conderet.
1112 1694 1185 1760 ldeo
1208 1697 1314 1761 autem
1337 1693 1461 1777 simpla
1577 1723 1578 1728 κ

252 1829 310 1877 sua
331 1830 416 1878 mors
439 1814 546 1877 eontra
568 1813 698 1897 duplam
712 1813 854 1877 nostram
869 1807 1009 1888 invaluit,
1034 1806 1106 1891 quia
1127 1807 1164 1886 is,
1189 1805 1243 1891 qui
1264 1803 1465 1870 moriebatur

252 1942 309 2008 pro
331 1922 432 2003 nobis,
455 1942 518 1988 non
533 1925 635 1989 solum
650 1923 744 1987 homo
760 1922 908 1986 innocens
924 1917 1103 2004 superinde
1125 1919 1219 1983 morti
1241 1917 1319 1982 nihil
1340 1914 1464 1981 debens

253 2034 309 2100 sed
331 2033 425 2100 etiam
447 2034 532 2099 Deus
570 2052 606 2099 ac
629 2032 772 2098 dominus
795 2030 908 2097 mortis
931 2029 1001 2110 fuit,
1036 2029 1087 2094 cui
1104 2028 1175 2113 jure
1197 2029 1333 2095 flectitur
1364 2045 1465 2092 omno
1577 2071 1578 2116 3

253 2163 344 2229 genu,
367 2163 430 2210 non
452 2146 556 2211 solum
577 2145 760 2211 coelestium
791 2161 829 2209 ac
850 2141 1045 2208 terrestrium
1068 2142 1122 2207 sed
1145 2143 1176 2205 ot
1197 2140 1397 2218 infernorum,
1421 2142 1466 2203 ut

254 2257 391 2339 perduc
414 2257 492 2323 haec
514 2256 651 2341 pretiosa
673 2256 765 2322 unius
788 2255 899 2320 mortis
922 2254 1059 2341 pondera
1079 2253 1113 2318 in
1127 2255 1215 2319 lance
1229 2249 1466 2318 misericordiae
1577 2339 1578 2342 Ἴ

256 2386 327 2434 cum
349 2369 465 2434 nostris
487 2369 621 2434 miseriis
643 2367 790 2452 imposita
812 2386 849 2434 ac
870 2388 925 2453 pro
947 2367 1038 2433 nobis
1061 2367 1201 2450 impensa
1224 2384 1318 2450 super
1340 2364 1465 2429 exalta-

255 2482 343 2547 retur
357 2481 429 2545 lanx
439 2479 583 2564 justitiae
604 2483 731 2564 peccata
752 2482 861 2545 nostra
882 2480 1043 2545 continens
1067 2477 1172 2561 sicque
1187 2476 1410 2562 projicerentur
1426 2475 1466 2540 in
1577 2467 1578 2508 ³

257 2590 449 2677 protundum
460 2592 556 2658 maris
574 2591 678 2658 omnia
692 2594 819 2675 peecata
834 2594 952 2658 nosue.
964 2590 1052 2656 Mors
1067 2606 1203 2674 namque
1217 2589 1319 2656 carnis
1334 2588 1467 2653 nostrae
1577 2653 1578 2662 ,

257 2703 497 2770 misericorditer
511 2701 601 2768 nobis
613 2721 632 2768 a
642 2705 709 2770 Deo
724 2705 849 2788 prouisa
863 2707 913 2770 est
926 2703 1046 2769 dicento
1058 2719 1094 2768 ao
1105 2701 1313 2787 praecipiente
1323 2697 1465 2765 Domino
1577 2683 1578 2776 ᾗ

258 2816 409 2882 ministris
425 2815 572 2898 angelicis
587 2817 661 2899 poet
675 2818 839 2901 peecatum
851 2815 953 2881 Adaet
976 2813 1112 2880 videte
1134 2833 1181 2878 ne
1204 2812 1311 2879 forte
1333 2812 1467 2877 sumat
1577 2839 1578 2844 κ

258 2929 301 2994 de
333 2929 437 3013 ligno
471 2927 581 2992 ritae
614 2926 777 2992 etrirat
803 2927 841 2992 in
866 2931 1087 2995 aeternum.
1106 2928 1131 3013 ²)
1176 2927 1211 2994 Si
1232 2923 1316 2990 enim
1335 2924 1468 3007 postea-

260 3058 354 3126 quam
375 3039 592 3125 peccaverat³l
614 3038 741 3123 insuper
757 3039 851 3106 etiam
866 3041 904 3104 de
917 3040 1003 3124 ligno
1026 3038 1108 3106 vitae
1131 3037 1327 3118 comedisset,
1349 3033 1468 3102 fuisset
1577 3101 1578 3116 ¹

259 3152 367 3235 utique
387 3151 420 3216 in
442 3170 478 3216 eo
501 3151 583 3216 siout
604 3150 718 3216 misera
747 3147 914 3215 aeternitas
937 3148 1036 3214 itaet
1058 3150 1184 3214 aeterna
1205 3145 1340 3224 miseria,
1363 3147 1469 3210 esset-
1577 3167 1578 3170 ¹

260 3282 319 3347 que
340 3263 434 3328 homo
467 3263 577 3329 similis
599 3281 656 3347 per
679 3260 782 3328 omnia
815 3256 1016 3326 daemonibus
1053 3258 1251 3325 aeternaliter
1283 3257 1406 3322 miseris
1430 3261 1469 3322 et
1577 3241 1578 3310 Ϊ

260 3375 372 3440 misere
394 3374 538 3440 aeternis.
559 3374 658 3452 Unde,
681 3375 717 3438 ut
739 3373 809 3452 dixi,
832 3391 917 3437 mors
939 3374 1047 3437 nostra
1069 3371 1310 3437 misericorditer
1331 3369 1419 3435 nobis
1445 3387 1467 3434 a
1577 3353 1578 3358 ἵ

261 3486 327 3552 Deo
350 3485 474 3571 provisa
496 3487 579 3550 reete
601 3482 803 3550 const'tnitur
824 3483 857 3548 in
879 3485 966 3548 lance
988 3481 1221 3548 misericordiae
1243 3501 1315 3549 oum
1337 3482 1469 3547 miseria
1577 3491 1578 3504 ¹

262 3599 294 3662 et
314 3599 415 3663 morte
436 3597 496 3662 Dei
529 3595 623 3660 simul
655 3597 686 3660 et
719 3593 853 3660 hominis
887 3592 966 3661 Jesu
997 3595 1108 3662 locatis
1132 3594 1293 3678 eregione
1325 3592 1467 3677 peccatis

260 3708 376 3774 nostris
397 3709 429 3772 in
451 3708 538 3773 lance
556 3705 697 3790 jostitiae
719 3724 790 3770 cum
813 3705 943 3791 triplum
970 3708 1077 3771 contra
1101 3706 1249 3788 simplum
1282 3705 1333 3772 sit.
1370 3703 1470 3788 Trip-

261 3821 455 3886 tumentem
477 3818 605 3884 dixerim
626 3836 755 3884 numero
790 3819 914 3882 tantum
935 3817 1106 3901 ponderum
1128 3835 1190 3882 non
1214 3816 1308 3883 etiam
1329 3833 1469 3901 propor-

262 3930 346 3995 tione
367 3931 612 3995 numeratorum.
635 3928 783 4013 Alioquin
805 3929 940 4013 pretium
962 3931 1118 4014 singulare
1139 3928 1252 3994 mortis
1268 3927 1383 3996 christi
1404 3947 1468 4011 pro

261 4040 351 4107 nobis
370 4041 556 4106 redimendis
579 4040 753 4106 voluntarie
773 4040 932 4124 impensae
955 4041 1050 4106 etiam
1071 4041 1175 4106 solum
1188 4039 1221 4104 in
1235 4040 1323 4106 lance
1344 4037 1470 4104 miscri-

264 4153 386 4218 cordiae
408 4152 613 4218 constitutum
637 4152 669 4216 in
690 4150 847 4216 infinitum
879 4154 1005 4218 nostrae
1034 4150 1177 4217 miseriae
1199 4150 1294 4216 simul
1316 4152 1348 4216 et
1369 4150 1470 4216 morti
1577 4195 1578 4200 κ

262 4265 389 4350 insuper
411 4267 443 4330 et
464 4263 600 4348 peccatis
623 4262 853 4348 praeponderat
874 4263 995 4330 etiamsi
1016 4263 1183 4349 pariterue
1198 4262 1292 4329 simul
1307 4261 1470 4346 eregione
1577 4343 1578 4352 ἵ

369 4514 389 4584 ¹)
408 4515 480 4569 Josn.
499 4514 524 4570 5.
545 4514 587 4572 21.
609 4544 644 4558 ·-
665 4511 685 4581 ²)
703 4529 759 4578 geru
780 4514 804 4569 3.
826 4513 869 4571 22.
892 4542 924 4555 -
944 4511 966 4582 ³)
985 4514 1040 4569 eod.
1059 4517 1172 4582 peecata.
