3168 5214
1284 347 1348 414 375

128 523 211 587 opus
234 507 370 589 Spiritus
394 512 572 591 sanctiam,
598 518 725 580 6616166
764 515 936 601 scripturas
968 517 1087 602 partim
1128 519 1348 603 mysterialiter

131 609 320 702 exponentis
342 621 382 685 61
404 622 651 689 aedificationem
685 625 766 704 fidei,
800 627 915 710 partim
950 647 1020 694 1616
1056 631 1181 697 litterae
1215 629 1349 696 virorem

134 731 231 812 quasi
252 732 398 798 corticem
419 735 459 798 ad
482 737 668 803 moralitatis
692 739 832 823 exempla
856 740 1067 825 relinquentis,
1106 744 1144 806 ut
1180 741 1226 806 sic
1264 741 1349 806 color

129 840 168 903 in
203 841 324 908 Christo
363 846 608 928 generandarum
646 847 821 913 animarum
856 849 1009 918 efficiatur
1043 854 1180 917 varius?
1225 850 1348 936 Nempe

131 951 305 1035 scripturas
328 961 451 1022 sanctas
475 975 624 1040 exponere
647 959 886 1043 spiritualesque
914 982 950 1026 ex
972 980 1008 1027 66
1029 964 1209 1028 11161166116
1241 980 1346 1028 611616

135 1067 298 1148 proprium
333 1065 468 1150 Spiritus
503 1069 602 1132 sancti
638 1087 715 1154 opus
750 1074 798 1134 est
831 1072 951 1138 dicente
987 1073 1137 1138 Domino:
1176 1074 1256 1138 1116
1290 1091 1345 1138 me

138 1179 412 1259 clarificabit,
453 1181 541 1264 quia
579 1182 622 1246 de
667 1201 746 1246 meo
790 1184 974 1268 accipiet
1007 1187 1046 1248 et
1082 1183 1345 1249 annuntiabit

138 1289 293 1376 vobis.¹)
328 1293 419 1357 Item.
452 1292 540 1358 Oum
565 1294 731 1358 1616111
754 1293 939 1378 Spiritus
962 1295 1156 1360 ueritatis
1180 1294 1346 1362 docebit

136 1421 208 1468 166
231 1403 641 1490 6116116111616111)
685 1402 797 1490 Igitur,
822 1410 857 1470 ut
879 1405 998 1471 dictum
1020 1409 1078 1488 est,
1100 1405 1133 1469 in
1154 1403 1256 1470 tribus
1283 1404 1344 1470 illis

137 1514 323 1598 patriarclns
345 1517 469 1601 proprie
492 1519 556 1581 tres
579 1517 702 1581 1111166
728 1534 879 1600 personae
913 1517 1104 1582 assimilatae
1144 1519 1218 1582 sunt
1252 1517 1346 1581 Pater

137 1629 173 1690 61
204 1625 301 1690 uinus
334 1631 366 1692 61
396 1627 531 1711 Spiritus
565 1631 701 1702 sanctus,
734 1630 897 1711 propterea
930 1645 993 1691 non
1027 1625 1226 1692 confunditur
1259 1628 1344 1693 Deus

138 1735 247 1800 vocari
270 1737 351 1802 Deus
373 1755 490 1802 eorum.
535 1737 616 1820 Ego,
639 1737 751 1820 inquit,
776 1757 846 1801 sum
879 1738 963 1802 Deus
999 1736 1159 1802 Abraham
1197 1742 1227 1803 et
1259 1740 1342 1804 Deus

139 1849 232 1912 Isaac
255 1855 286 1913 et
307 1849 405 1916 Jacob
428 1854 460 1917 et
481 1851 540 1914 hoc
562 1849 638 1916 mibi
660 1869 772 1914 nomeu
806 1851 838 1913 in
875 1853 1043 1914 aeternum.
1089 1848 1134 1914 At
1170 1869 1243 1916 1616
1279 1849 1345 1915 dia·

137 1959 232 2024 bolus
262 1958 356 2042 hujus
388 1962 522 2028 nominis
555 1963 695 2027 aemulus
727 1981 803 2040 eam,
840 1979 933 2045 quarn
969 1960 1112 2041 diximus,
1144 1961 1218 2027 trini
1253 1961 1345 2045 hujus

142 2071 247 2136 sancti
270 2071 402 2136 nominis
425 2072 683 2138 assimilationem
705 2073 737 2138 in
756 2073 823 2157 jam
846 2073 936 2138 dictis
961 2072 1060 2136 tribus
1100 2069 1173 2137 11116
1207 2073 1256 2138 161
1295 2092 1346 2137 ex·

140 2183 288 2268 tinguere
309 2184 358 2248 161
380 2185 490 2249 saltem
512 2185 683 2268 1161161616
714 2185 841 2250 molitus
876 2189 933 2251 est.
979 2185 1068 2252 Unde
1102 2183 1264 2249 Abraham
1297 2183 1346 2248 f-

132 2299 253 2367 ,turum
273 2293 482 2378 patriarcham
505 2295 634 2361 deorum
657 2296 808 2360 falsorum
831 2297 985 2360 culturam
1008 2298 1203 2379 spernentem
1224 2295 1256 2358 iu
1294 2294 1338 2360 Ur

140 2405 368 2472 Chaldaeorum
389 2405 492 2489 ignem
514 2425 570 2490 pro
594 2404 663 2470 Deo
687 2407 855 2470 colentium
878 2407 1041 2472 extinxisse
1063 2407 1162 2471 voluit
1198 2409 1230 2470 et
1265 2405 1342 2471 haec

139 2516 264 2582 exordia
297 2516 517 2600 persecutionis
551 2515 617 2599 ejus
654 2519 761 2582 contra
796 2519 938 2581 sanctum
975 2516 1037 2580 hoo
1069 2533 1182 2581 nomen
1218 2516 1338 2581 trinum

139 2627 275 2706 fuerunt,
310 2627 363 2692 sed
393 2627 533 2692 dominus
579 2629 706 2691 conatus
750 2625 918 2690 diabolicos
960 2625 1158 2709 praeveniens
1203 2628 1336 2692 eundem

138 2738 300 2804 Abraham
323 2739 360 2804 de
381 2738 426 2804 Ur
450 2736 672 2805 Chaldaeorum
693 2738 835 2802 illaesum
858 2737 962 2802 611111
984 2736 1103 2821 sibique
1124 2737 1335 2820 patriarcham

140 2854 172 2915 61
216 2849 402 2934 prophetam
448 2849 536 2933 61661
560 2869 616 2934 per
651 2849 756 2933 ignem
792 2847 961 2933 probatum
994 2847 1196 2913 consecravit.
1241 2845 1335 2914 Simi-

139 2963 211 3028 liter
248 2964 354 3026 aotem
383 2966 414 3024 et
443 2961 533 3026 Isaac
569 2959 777 3042 patriarcham
815 2962 928 3043 puteos
963 2958 996 3023 in
1045 2977 1135 3022 usum
1175 2977 1267 3024 suum
1310 2961 1343 3023 ot

140 3090 272 3158 gregum
295 3089 422 3136 suorum
443 3070 612 3136 fodientem
633 3071 807 3136 Palaestini
835 3070 1071 3149 infestaverunt,
1109 3069 1256 3134 nimirum
1293 3073 1343 3153 ty-

140 3204 215 3269 pum
238 3183 447 3270 praelerentes
470 3182 705 3260 haereticorum.
730 3182 814 3248 Nam
837 3183 911 3249 dum
934 3186 1044 3266 puteos
1068 3180 1106 3245 ab
1130 3200 1164 3245 eo
1190 3183 1220 3245 et
1243 3182 1340 3246 seruis

139 3297 205 3382 ejus
243 3295 344 3360 fossos
377 3295 473 3358 humo
510 3294 662 3376 implent*
691 3295 765 3360 dum
787 3313 842 3378 pro
876 3311 957 3378 6616
988 3293 1115 3358 1116116
1150 3291 1342 3356 6611611111
1372 3303 1378 3317 ·

140 3409 288 3487 dieentes,
310 3408 417 3470 nostra
440 3409 488 3472 est
516 3407 705 3488 66161116
741 3407 772 3470 11
807 3408 880 3489 typo
915 3404 1141 3470 haereticorum
1185 3401 1344 3484 spirabant

139 3519 310 3585 audaciam.
356 3516 513 3601 Siquidem
535 3515 648 3584 ludaei
670 3517 895 3582 haereticorum
917 3515 1011 3599 primi
1034 3515 1082 3579 161
1116 3511 1241 3578 maximi
1279 3520 1341 3577 ter-

140 3649 213 3696 reno
237 3631 339 3694 solum
361 3633 391 3695 61
413 3628 538 3694 animali
561 3647 654 3694 sensu
676 3627 848 3712 scripturae
883 3644 956 3692 6166
989 3629 1097 3710 puteos
1136 3617 1344 3708 interpretari

140 3747 291 3811 conantur
313 3740 390 3807 nihil
411 3741 444 3805 in
466 3741 509 3806 eis
533 3739 705 3825 spiritualis
725 3739 947 3824 intelligentiae
968 3739 1151 3815 asserentes,
1177 3735 1258 3819 quod
1295 3739 1343 3800 est

140 3857 250 3939 puteos
272 3853 366 3919 humo
388 3853 526 3936 implere.
572 3850 637 3916 Alii
660 3869 731 3916 1616
755 3849 813 3915 sub
837 3849 961 3914 nomine
984 3847 1153 3914 christiano
1191 3845 1340 3910 haeretici

141 3965 265 4032 easdem
302 3964 469 4048 scripturas
496 3964 537 4029 ,in
569 3981 660 4029 usum
689 3981 762 4029 suae
797 3979 909 4046 pravae
947 3959 1109 4025 doctrinae
1144 3956 1343 4042 interpretari

140 4077 291 4141 nituntur.
335 4076 424 4158 Quod
446 4076 553 4159 utique
590 4073 738 4140 facientes
775 4073 906 4138 nimium
936 4068 1138 4151 contentiosi,
1172 4067 1260 4152 61661
1296 4067 1340 4132 11-

144 4295 390 4312 .-.----.-..-

246 4419 265 4490 ¹)
285 4421 355 4475 Joau.
377 4421 417 4474 lc.
440 4418 482 4474 14.
506 4419 545 4472 15.
571 4447 594 4455 -
621 4412 643 4486 ²)
662 4416 733 4472 Joau.
756 4413 798 4468 16.
821 4411 855 4467 13
