3158 5212
269 436 311 502 48

272 621 352 690 ,qua
372 602 481 670 debuit
500 599 719 667 deliberatione
749 619 874 688 egressa
897 604 947 669 rit.
984 604 1180 689 Quapropter
1202 605 1334 690 qualiter
1355 607 1395 672 cd
1418 626 1471 674 ex-

272 713 583 795 ,communicandum
597 712 687 778 illum
702 713 827 779 adducti
843 731 951 778 sumus
967 716 1061 796 prout
1082 715 1184 780 verius
1207 719 1365 800 potuimus
1389 723 1470 785 teste

273 825 480 905 „conscientia
512 827 620 890 nostra
653 824 751 890 oculis
779 828 810 890 et
830 824 1042 890 intellectibus·
1062 827 1201 892 omnium
1222 828 1395 910 patefacere
1418 850 1473 897 cu·

272 938 437 1018 ,ravimus
467 955 528 1002 non
550 940 627 1017 tam,
658 940 695 1001 ut
717 936 856 1020 singulas
880 953 1000 1015 causas,
1032 955 1110 1020 qnae
1138 938 1199 1003 heu
1222 939 1356 1005 nimium
1377 943 1470 1007 notae

272 1053 379 1128 „sunt,
414 1049 503 1132 quasi
532 1051 638 1113 nostro
669 1049 804 1114 clamore
831 1047 1030 1131 projiciamus
1053 1049 1084 1112 in
1107 1049 1278 1133 publicum,
1318 1070 1412 1134 quam
1434 1057 1470 1118 ut

272 1177 397 1238 ,eorum
420 1158 614 1243 opinionibus
637 1159 876 1239 satisfaciamus,
900 1160 953 1243 qni
974 1163 1087 1243 putant
1108 1179 1164 1226 nos
1187 1162 1383 1246 spiritualem
1404 1166 1472 1250 gla-

272 1271 377 1349 „dium
399 1274 514 1336 temere
537 1274 568 1335 et
590 1270 690 1354 magis
714 1273 802 1335 motu
824 1270 921 1335 animi
948 1270 1048 1336 nostri
1080 1291 1173 1356 quam
1195 1275 1299 1340 divino
1329 1278 1471 1342 metuet

272 1381 428 1465 ,justitiae
450 1384 513 1447 nelo
536 1381 712 1465 arripuisse.
747 1381 827 1449 Cum
854 1381 954 1447 adhuc
981 1382 1013 1447 in
1042 1383 1222 1451 diaconatus
1252 1385 1354 1452 officio
1377 1387 1471 1471 positi

273 1513 430 1572 ,essemus
459 1494 579 1577 perlata
606 1493 645 1558 ad
675 1511 732 1558 nos
762 1493 799 1557 de
822 1493 903 1577 regis
924 1493 1098 1560 actionibus
1130 1496 1256 1561 sinistra
1278 1500 1310 1561 et
1332 1499 1470 1564 multum

273 1603 454 1681 ,inhonesta
469 1603 552 1668 fama
568 1607 694 1688 propter
708 1604 899 1688 imperialem
914 1605 1100 1690 dignitatem
1115 1609 1147 1672 et
1161 1607 1363 1672 reverentiam
1373 1609 1471 1690 patris

273 1717 322 1790 ,et
352 1715 462 1779 matris
492 1714 557 1798 ejus
587 1735 644 1780 neo
665 1735 727 1780 non
749 1718 875 1799 propter
897 1735 984 1799 spem
1007 1720 1038 1782 et
1061 1717 1246 1781 desiderium
1270 1719 1469 1784 correctionis

272 1843 365 1905 ,suaa
387 1843 478 1910 saepe
500 1843 571 1890 eum
592 1845 647 1908 per
669 1826 789 1890 litteras
812 1828 844 1890 et
865 1826 989 1892 nuntios
1012 1828 1239 1906 admonuimus
1272 1831 1307 1892 ut
1328 1845 1347 1892 a
1369 1829 1472 1913 pravi-

273 1939 357 2013 ,tate
379 1954 435 2000 sua
457 1936 621 2001 desisteret
636 1940 667 2000 et
683 1955 802 2000 memor
825 1935 989 2001 clarissimi
1010 1937 1133 2022 generis
1155 1957 1191 2002 ac
1214 1938 1374 2022 dignitatis
1398 1956 1472 2004 suae

273 2047 389 2124 ,vitam
420 2063 510 2111 suam
538 2046 687 2126 moribus,
719 2047 830 2130 quibus
859 2067 965 2132 regem
996 2053 1027 2114 et
1049 2048 1207 2129 futurum,
1237 2050 1303 2115 Deo
1326 2051 1469 2131 donante,

270 2158 410 2236 ,deceret
430 2157 596 2241 imperium
619 2140 840 2243 destitueret.¹)
878 2158 1052 2242 Postquam
1074 2163 1178 2226 autem
1208 2161 1247 2226 ad
1269 2161 1469 2245 pontificatus

272 2268 411 2352 „apicem
432 2269 551 2353 indigui
573 2270 714 2334 venimus
737 2274 769 2335 et
790 2271 873 2335 illius
896 2273 981 2335 aetas
1005 2276 1156 2338 cresceret
1178 2276 1210 2338 ot
1231 2272 1390 2355 iniquitas,
1420 2273 1469 2337 in·

273 2379 467 2464 „telligentes
490 2380 592 2444 Deum
614 2381 858 2474 omnipotentem
882 2384 968 2446 tanto
992 2382 1164 2448 districtius
1187 2382 1225 2446 de
1247 2399 1342 2446 mann
1364 2385 1472 2446 nostra

271 2491 428 2576 ,animam
451 2491 534 2556 illins
558 2492 796 2575 requisiturum,
822 2497 936 2576 quanto
966 2492 1055 2558 nobis
1078 2494 1116 2557 ad
1139 2493 1360 2576 increpandum
1382 2491 1473 2556 illum

270 2622 362 2688 „prae
384 2603 504 2670 cunctis
533 2603 663 2670 libertas
693 2606 765 2670 data
793 2606 906 2672 fuisset
931 2608 963 2671 et
984 2603 1153 2669 auctoritas
1184 2605 1283 2667 multo
1305 2601 1468 2667 sollicitius

271 2735 360 2795 ,cum
382 2716 484 2782 modis
508 2717 651 2782 omnibus
674 2716 841 2801 arguendo,
864 2715 1063 2793 obsecrando,
1097 2714 1281 2797 increpando
1304 2714 1344 2779 ad
1366 2731 1472 2780 emen·

270 2827 444 2905 ,dationem
466 2827 547 2892 vitae
570 2847 646 2893 suae
667 2827 782 2892 hortati
806 2847 924 2892 sumus,
943 2827 1003 2909 Qui
1026 2845 1097 2893 cum
1120 2843 1210 2908 saepe
1231 2824 1321 2890 nobis
1343 2827 1471 2891 devotas

270 2939 491 3017 „salutationes
505 2936 531 3023 ²)
548 2942 579 3003 et
596 2939 717 3004 litteras
733 2939 872 3025 mitteret
887 2955 1035 3003 excusans
1052 2957 1094 3015 se,
1117 2940 1186 3002 tum
1204 2955 1239 3000 en
1253 2938 1364 3017 aetate,
1389 2938 1470 3021 quod

270 3050 370 3128 ,fluxa
393 3053 475 3115 esset
498 3053 529 3114 et
548 3049 667 3133 fragilis
691 3053 759 3113 tum
782 3050 870 3132 quod·
885 3047 925 3113 ab
947 3048 995 3112 his
1021 3047 1052 3111 in
1075 3065 1207 3130 quorum
1222 3047 1366 3112 manibus
1382 3047 1468 3113 curia

270 3162 355 3238 ,crat
376 3159 556 3224 multotiens
579 3159 639 3225 sibi
660 3162 742 3226 male
764 3179 890 3225 suasum
904 3157 930 3241 ³)
951 3159 1069 3223 monita
1091 3161 1198 3223 nostra
1220 3160 1257 3224 de
1273 3159 1321 3225 die
1335 3159 1368 3223 in
1383 3158 1466 3223 diem

270 3289 322 3348 ,se
343 3271 575 3354 promptissime
597 3275 818 3354 suscepturum
840 3271 941 3336 verbis
965 3271 1088 3353 quidem
1111 3271 1305 3353 promiserat,
1329 3273 1467 3336 ceterum

271 3402 321 3460 ,re
337 3385 368 3446 et
383 3382 616 3466 exaggeratione
631 3382 792 3465 culparum
806 3382 928 3464 penitus
945 3380 1146 3446 conculcavit.
1169 3380 1254 3444 Inter
1276 3381 1353 3445 haec
1376 3398 1469 3464 quos·

270 3495 362 3574 ,dam
373 3493 397 3576 ⁴)
419 3492 587 3557 familiares
610 3511 693 3572 suos,
718 3512 850 3576 quorum
872 3492 1008 3556 consiliis
1032 3495 1063 3556 et
1084 3490 1364 3556 machinationibus
1388 3491 1470 3575 epis·

270 3606 418 3689 ,copatus
452 3606 483 3668 et
515 3604 616 3668 multa
648 3602 852 3681 monasteria,
886 3601 1021 3666 inductis
1049 3620 1104 3684 per
1133 3600 1268 3685 pretium
1297 3601 1379 3684 lupis
1410 3619 1467 3688 pro

271 3715 476 3802 ,pastoribus
511 3713 681 3779 simoniaca
712 3713 831 3778 haeresi
861 3712 1038 3778 foedaverat
1066 3712 1105 3777 ad
1132 3710 1354 3795 poenitentiam
1376 3730 1467 3778 voca·

271 3827 401 3907 ,vimus
425 3828 576 3909 quatenus
600 3826 631 3888 et
653 3821 735 3889 bona
756 3823 965 3903 ecclesiarum,
994 3841 1071 3907 quae
1091 3842 1146 3907 per
1167 3823 1376 3888 interventum
1399 3826 1465 3887 tam

270 3937 430 4020 ,scelerati
452 3935 630 4003 commercii
651 3937 801 4020 sacrilega
815 3953 910 4000 manu
932 3936 1130 4018 susceperant
1144 3933 1373 3999 venerabilibus
1388 3933 1466 3999 locis

272 4050 329 4128 ,ad
353 4065 430 4132 quae
451 4047 641 4131 pertinerent
662 4047 736 4112 dum
758 4046 858 4110 adhuc
879 4046 967 4110 locus
990 4048 1073 4110 esset
1101 4045 1283 4110 emendandi
1304 4043 1466 4110 redderent

269 4190 517 4201 --—-----

370 4259 389 4329 ¹)
407 4261 541 4314 Gretscrus
559 4273 617 4326 pag.
639 4259 697 4314 147.
718 4263 958 4327 imperatorum
978 4260 1132 4314 institueret.

369 4355 389 4426 ²)
408 4358 465 4411 cod.
485 4358 601 4411 salutern.

369 4454 389 4524 8)
408 4456 490 4509 dreis.
510 4470 612 4507 suasum
631 4463 662 4509 et
682 4459 876 4510 consultum
898 4461 950 4513 sit.

368 4552 391 4624 ⁴)
409 4554 465 4608 cod.
485 4554 653 4621 quorundam.
