3172 5202
1283 388 1344 455 147
1431 477 1435 486 Ι

139 564 240 627 mater
262 558 392 642 ejusque
413 559 546 624 antistes
579 558 757 644 patriarcha
783 559 882 625 filiam
904 558 984 626 hanc
1007 577 1097 626 suam
1119 562 1173 626 sed
1195 561 1235 626 ab
1257 567 1345 626 utero

139 672 336 739 aberrantem
360 690 421 737 nou
444 670 584 736 dolenter
598 671 762 756 aspicere?
786 672 947 756 Quomodo
971 690 1043 737 vero
1065 670 1105 735 ab
1128 671 1194 754 ejus
1217 675 1345 755 aspectu

138 786 288 869 poterunt
310 783 416 848 oculos
451 782 591 848 dolentes
612 785 761 862 avertere,
795 801 855 867 quo
879 782 924 849 sio
945 782 1071 848 taudem
1092 782 1257 866 aliquando
1280 782 1347 847 fieri

139 895 219 960 forte
240 893 365 978 possint
397 893 596 959 immemores
626 892 767 976 injuriae,
802 893 917 979 quippe
941 911 1019 978 quae
1041 894 1073 958 in
1095 894 1204 958 eadem
1223 893 1348 960 civitate

139 1006 199 1072 sita
233 1004 333 1070 oculis
367 1023 475 1070 eorum
512 1002 654 1087 subjecta
686 1023 750 1069 nou
784 1023 936 1070 essenon
959 1007 1089 1090 potest?
1133 1005 1244 1087 Itaque
1267 1005 1349 1070 sicut

139 1115 218 1183 risio
241 1114 325 1181 filiae
348 1114 559 1180 contemtriois
582 1114 729 1180 contiuua
752 1135 875 1200 semper
897 1119 945 1182 est
966 1115 1011 1180 ita
1034 1116 1066 1180 et
1087 1118 1264 1181 contemtus
1280 1135 1347 1180 me·

141 1227 240 1293 moria
264 1224 392 1293 cottidie
413 1224 497 1309 patri
512 1224 667 1308 matrique
682 1230 857 1306 renovatur,
880 1230 975 1313 atque
997 1245 1034 1291 er
1051 1224 1121 1310 jugi
1144 1228 1346 1310 contemptus

140 1336 293 1404 memoria
327 1336 415 1402 dolor
437 1335 583 1401 continue
603 1335 778 1402 innovatur.
824 1336 976 1404 Similiter
997 1341 1030 1404 et
1051 1340 1087 1402 tu
1109 1336 1173 1401 filia
1195 1336 1348 1401 naturalis

141 1449 273 1515 affectus
309 1446 415 1526 oblita,
450 1445 585 1531 scriptae
619 1465 741 1533 quoque
773 1447 852 1532 legis
886 1448 1127 1533 praevaricatrix
1159 1451 1281 1531 petrem
1313 1465 1349 1512 ac

140 1565 275 1627 matrem
308 1557 460 1626 honorare
492 1558 729 1643 praecipientis,
767 1562 921 1644 quomodo
955 1561 1074 1647 poteris
1107 1561 1209 1626 levare
1243 1559 1348 1625 oculos

141 1675 211 1738 tuos
234 1670 275 1736 ad
298 1668 462 1736 ridendam
483 1669 597 1735 faciem
618 1669 718 1754 patris
740 1688 777 1736 ao
800 1671 919 1751 matris,
945 1690 1077 1755 quorum
1092 1670 1211 1736 viscera
1227 1670 1349 1753 vipereo

143 1784 235 1850 dente
259 1780 388 1860 laesisti,
411 1797 441 1875 a
463 1798 596 1863 quorum
629 1780 801 1849 visceribus
836 1781 982 1847 sauciatis
1006 1784 1037 1847 et
1058 1781 1214 1848 convulsis
1238 1783 1347 1847 eontra

142 1897 290 1960 naturam
313 1891 448 1958 violenta
461 1891 658 1976 prorupisti?
680 1890 754 1958 Nou
777 1891 860 1957 enim
882 1894 914 1957 te
936 1897 1069 1973 excuset,
1093 1893 1175 1978 quod
1198 1892 1348 1958 Romanis

141 2005 213 2071 data
236 2002 369 2090 pecnnia
390 2002 424 2066 id
443 1999 556 2083 fecisti,
580 2002 633 2067 sed
656 2002 759 2087 magis
774 2005 912 2081 accusat,
935 2001 1019 2086 quod
1040 2000 1192 2086 spiritalis
1207 2003 1351 2086 paterui-

141 2116 216 2181 tatis
239 2133 278 2180 ac
298 2112 458 2179 filiationis
493 2113 689 2178 contractum
721 2113 795 2178 data
825 2112 955 2198 pecunia
977 2113 1146 2180 simoniace
1168 2113 1350 2201 dissolvisti·

141 2226 246 2309 Quam
267 2223 375 2308 utique
397 2222 560 2309 pecuniam
582 2222 725 2308 quamuis
748 2224 918 2309 plurimam
934 2224 961 2290 si
976 2224 1070 2290 Petro
1092 2224 1234 2308 apostolo
1257 2223 1349 2288 obtu-

142 2337 233 2403 lisses
258 2338 410 2422 quatenns
433 2335 506 2400 data
529 2354 565 2399 ea
587 2334 759 2419 spiritualis
782 2334 976 2402 obedientiae
993 2335 1068 2420 jura
1089 2336 1274 2402 dissolveres
1296 2339 1351 2399 aut

142 2447 337 2527 transferres,
360 2463 423 2512 uon
445 2445 530 2510 aliud
552 2445 685 2512 aestimo
707 2445 748 2512 ab
771 2466 806 2513 eo
829 2447 980 2528 audisses,
1004 2463 1099 2530 quam
1122 2446 1204 2529 quod
1227 2443 1350 2512 Simoni

142 2559 246 2644 primo
270 2557 481 2646 spiritualium
503 2555 619 2624 forensi
634 2557 829 2624 aestimatori
844 2558 964 2626 dictum
982 2556 1022 2622 ab
1037 2576 1072 2623 eo
1089 2559 1156 2623 est:
1176 2573 1247 2641 pec
1258 2556 1352 2620 unia

144 2673 209 2736 tna
224 2674 356 2736 tecum
372 2669 429 2734 sit
444 2669 481 2734 iu
496 2668 728 2756 perditione,
745 2669 932 2755 quoniam
951 2666 1191 2733 aestimasti
1213 2666 1352 2732 donum

144 2780 400 2865 Deipecunia
418 2779 666 2864 possideri²);
683 2783 737 2846 aut
752 2784 835 2848 certe
851 2781 933 2865 quod
948 2778 993 2844 ait
1007 2777 1352 2845 Dominusaauferte

143 2891 227 2960 ista
248 2890 340 2958 hinc
362 2894 399 2958 et
420 2890 553 2958 nolite
576 2890 710 2961 faeere
732 2894 887 2960 domum
910 2889 983 2957 Del
1005 2890 1354 2975 domumnegotia·

145 3000 318 3086 tionisl)
351 3000 418 3069 Nec
440 3000 566 3075 mirum.

585 3341 698 3409 cap.
716 3337 923 3396 LXXIV.

278 3462 543 3554 Dispensatioues
566 3461 807 3532 ecclesiasticas
829 3459 941 3549 gratis
963 3457 1038 3527 deri
1059 3456 1189 3528 dotare.
1204 3455 1229 3542 ι)

246 3651 400 3720 Audierat
421 3651 505 3717 enim
527 3651 640 3718 Petrus
663 3649 724 3717 sibi
746 3668 820 3716 oum
841 3645 953 3714 ceteris
978 3645 1166 3730 coapostolis
1189 3645 1310 3711 dictum
1334 3664 1353 3710 a

146 3765 302 3833 Domino:
325 3762 460 3832 Gratis
483 3762 707 3848 accepistis
730 3759 862 3847 gratis
883 3759 983 3825 date.
998 3753 1023 3842 ⁴)
1046 3755 1113 3823 Aut
1134 3757 1232 3842 igitur
1247 3761 1352 3823 osteu-

146 3881 231 3961 dant,
255 3876 311 3963 qui
333 3875 487 3962 ejusmodi
507 3875 540 3942 iu
562 3876 654 3942 domo
677 3873 903 3960 negotiationes
927 3870 1081 3950 factitant,
1106 3871 1257 3954 quantum
1280 3867 1348 3934 auri

252 4089 450 4163 Omdw

250 4193 261 4225 ¹
290 4191 364 4246 locu.
384 4179 474 4246 2216.

249 4293 271 4358 1)
291 4290 390 4359 Apud
408 4291 585 4342 nostrates
613 4301 672 4354 pro
702 4284 814 4338 nilrilo
844 4280 1091 4350 pensaturlrie
1111 4297 1226 4338 sermo.
1265 4283 1353 4334 Glossa

295 4403 375 4454 marg.
395 4388 428 4440 ab
447 4405 470 4443 a.
493 4384 572 4441 1525.

250 4486 271 4558 4)
290 4487 374 4542 uate.
394 4485 439 4542 ro.
459 4483 484 4539 e.

1190 4560 1250 4628 10*
