3172 5202
1278 385 1340 480 rue

125 557 221 638 quod
244 557 291 622 est
313 553 451 632 ecclesia,
487 552 695 618 ostendens
728 571 769 618 se
798 555 996 637 tamquam
1017 554 1071 620 sit
1092 555 1199 622 Deus
1232 556 1339 639 sicque

123 664 327 732 abominatio
350 663 550 731 desolationis
573 665 637 729 stet
657 663 690 729 in
710 664 779 730 loco
802 667 921 731 sancto.
943 665 984 731 lit
1005 668 1134 750 propter
1155 665 1214 733 hoe
1236 667 1337 750 magis

123 775 265 844 cuilibet
286 774 462 844 Christiano
495 773 670 840 timendum
705 776 762 854 est,
800 793 839 841 ne
871 774 953 842 forte
985 775 1066 842 inter
1096 778 1174 843 tales
1206 777 1340 861 pseudo·

123 886 281 968 christos,
315 888 490 954 sacerdotes
525 883 669 951 videlieet
701 903 738 952 ac
758 905 848 972 reges
871 885 999 954 Christo
1032 887 1211 968 dissimiles,
1243 886 1339 953 etiarn

121 998 226 1064 illum
247 996 387 1083 recipiat,
419 997 458 1062 de
480 1015 541 1082 quo
563 994 609 1060 ait
628 994 802 1062 Dominus:
836 997 944 1064 alius
965 999 1099 1065 veniet
1119 998 1159 1065 in
1180 999 1339 1064 nomine

124 1129 219 1191 suo,
240 1110 355 1175 illum
376 1103 627 1202 accipietisi)
672 1106 797 1172 Etenim
818 1110 854 1173 ut
875 1107 908 1173 in
930 1109 1109 1192 praemissis
1130 1108 1339 1176 abundantius

124 1238 146 1286 a
171 1219 266 1288 nobis
289 1219 512 1305 investigatum
533 1222 591 1299 est,
625 1220 766 1302 tempora
798 1217 1022 1304 percussuros
1044 1215 1202 1287 Romanos
1235 1219 1341 1289 illatae

124 1330 360 1418 persecutionis
383 1335 415 1398 et
436 1330 578 1414 martyrii
606 1334 688 1398 reete
711 1328 913 1414 babylonicae
934 1330 1054 1398 fornaci
1071 1329 1283 1414 conferuntur,
1306 1331 1339 1396 in

127 1461 197 1530 qua
219 1448 284 1510 tres
306 1441 394 1528 pueri
426 1443 589 1526 tamquam
621 1441 784 1509 Trinitatis
807 1442 942 1508 cultores
967 1445 1122 1526 martyres
1146 1442 1235 1509 missi
1256 1445 1339 1522 sunt,

126 1558 254 1641 templo
278 1557 361 1641 quod
383 1558 450 1621 erat
471 1553 678 1640 lerosolymis
702 1557 777 1621 tunc
800 1553 865 1639 igni
888 1552 1090 1639 conflagrato,
1128 1554 1210 1620 sicut
1231 1571 1339 1620 verum

126 1671 165 1732 et
186 1667 295 1732 vivum
316 1666 376 1734 Dei
397 1667 559 1750 templum,
593 1667 679 1751 quod
701 1668 750 1732 est
772 1665 911 1745 eeclesia,
941 1663 1014 1749 igne
1035 1663 1247 1730 tribulationis
1269 1681 1339 1730 exa·

128 1778 255 1843 minata
277 1781 335 1844 est.
359 1778 513 1862 Tempora
537 1795 659 1862 quoque
681 1774 938 1844 reaedificationis
962 1776 1087 1862 templi,
1109 1776 1243 1842 maxime
1265 1794 1338 1843 vero

127 1887 358 1974 impedimenta
393 1887 608 1955 reaedificandi
641 1905 720 1973 quae
742 1904 761 1953 a
782 1887 901 1968 vicinis,
932 1891 969 1954 ut
1000 1889 1033 1954 in
1067 1887 1146 1955 libro
1169 1886 1339 1955 Nehemiae

130 1999 279 2084 legimus,
302 1998 386 2066 lecta
408 2002 491 2080 sunt,
513 2018 570 2065 nee
592 2017 655 2065 non
677 2002 709 2066 ot
730 2000 823 2079 mala,
859 2015 938 2084 quae
961 1999 1048 2084 genti
1070 1999 1264 2068 ludaeorum
1284 2020 1340 2084 per

130 2109 240 2178 Amen
261 2109 484 2194 impiissimum
507 2109 699 2194 temporibus
715 2109 883 2177 Persarum
906 2113 938 2176 et
959 2111 1126 2179 Medorum
1145 2115 1220 2179 sunt
1240 2112 1339 2192 illata,

131 2219 328 2306 temporibus
360 2219 538 2288 haeresium
560 2224 592 2287 et
615 2220 753 2307 pessimo
787 2221 891 2287 studio
913 2221 1141 2289 haereticorum
1163 2227 1270 2291 nostra
1291 2223 1340 2289 in-

131 2330 341 2417 vestigatione
361 2332 534 2400 assimilata
557 2335 640 2398 sunt.
663 2331 708 2397 At
729 2351 802 2398 vero
818 2333 919 2416 malis,
943 2352 1021 2418 quae
1043 2333 1102 2401 sub
1124 2354 1219 2420 regno
1242 2333 1339 2403 Grae·

132 2462 244 2510 comm
276 2443 383 2508 eadem
414 2462 492 2529 gens
514 2444 706 2511 ludaeorum
728 2461 822 2528 pessa
846 2446 904 2524 est,
937 2445 1049 2529 templi
1070 2444 1213 2512 videlicet
1231 2445 1339 2532 prola·

131 2556 230 2636 natio,
263 2555 418 2640 gymnasii
451 2554 509 2622 sub
532 2555 600 2638 ipsa
622 2570 692 2620 arce
714 2553 921 2637 lerosolymis
942 2555 1144 2638 constructio,
1167 2574 1338 2642 puerorum

132 2665 329 2753 prostitutio,
362 2665 395 2731 in
426 2666 495 2750 ipso
517 2666 634 2750 templo
656 2664 731 2730 idoli
753 2663 953 2731 abominandi
981 2667 1096 2750 positio
1119 2671 1151 2734 et
1171 2667 1338 2734 mulierum

130 2779 335 2865 profanarum
356 2777 518 2858 habitatio,
540 2775 691 2844 venalitas
706 2777 879 2857 sacerdotii,
903 2777 941 2842 ad
962 2776 1059 2843 ritum
1080 2778 1231 2864 gentilem
1252 2797 1339 2846 com·

131 2892 245 2977 pulsio,
285 2890 495 2957 multitudinis
518 2889 717 2975 interemptio
741 2924 781 2936 —
804 2887 896 2968 haec,
916 2888 1055 2974 inquam,
1075 2893 1107 2956 et
1129 2893 1230 2957 cetera
1252 2892 1339 2977 genti

129 3002 326 3070 Judaeorum
358 3000 417 3068 sub
448 3019 543 3085 regno
566 2999 757 3067 Graecorum
791 3002 874 3067 mala
906 3001 994 3068 illata
1027 3002 1199 3084 periculoso
1230 3022 1339 3071 conse·

130 3116 265 3198 quenter
285 3112 358 3180 huic
373 3111 509 3199 tempori
523 3110 733 3192 conferuntur,
756 3112 789 3177 in
811 3130 873 3197 quo
896 3112 1138 3180 simoniacorum
1159 3113 1338 3201 principum

131 3229 167 3292 et
188 3225 384 3291 sacerdotum
406 3222 666 3290 incontinentium
698 3223 817 3309 parIter
839 3226 871 3288 et
893 3242 972 3306 quae
994 3244 1051 3290 sua
1071 3228 1154 3306 sunt,
1176 3243 1239 3290 non
1261 3245 1339 3311 quae

129 3337 212 3406 Jesu
235 3333 355 3402 Christi
376 3334 545 3401 simoniace
566 3333 599 3399 in
621 3333 751 3401 ecclesia
786 3335 1002 3418 quaerentium
1024 3335 1154 3400 eeclesia
1177 3335 1234 3401 Dei
1256 3355 1339 3404 nunc

131 3450 355 3533 tempestatem
376 3465 413 3512 cc
435 3446 668 3512 multitudinem
681 3445 822 3511 incurrit.
844 3444 965 3536 Nempe
987 3448 1026 3511 ad
1048 3444 1106 3512 hoe
1128 3447 1264 3532 pertinet
1283 3446 1339 3514 illa

131 3559 286 3643 digressio
309 3561 416 3624 nostra
437 3576 534 3645 prope
556 3557 722 3624 historicae
753 3555 971 3643 descriptionis
994 3557 1031 3621 de
1056 3555 1339 3640 pseudosacerdoti-

131 3669 192 3736 bus
214 3688 251 3736 ac
272 3669 527 3756 pseudoregibus,
561 3670 599 3734 de
622 3669 820 3736 contentione
854 3687 974 3754 quoque
997 3668 1083 3752 regni
1105 3684 1142 3732 ac
1164 3667 1338 3749 sacerdotii,

134 3800 195 3866 qua
215 3780 349 3848 invicem
369 3783 538 3866 utrumque
571 3782 700 3874 alterius
723 3779 784 3848 sibi
801 3780 874 3866 jura
903 3779 1095 3847 vendicendo
1118 3779 1270 3846 hactenus
1292 3780 1339 3846 di·

134 3892 298 3972 micarunt,
332 3892 364 3956 in
395 3910 455 3976 qua
489 3893 583 3959 etiam
618 3891 818 3959 contentione
852 3890 1080 3976 pseudochristi
1100 3893 1132 3957 et
1153 3891 1339 3977 pseudopro·

133 4002 245 4087 phetae
278 4001 370 4068 multi
392 4008 599 4083 surrexerunt,
634 4007 670 4071 ut
702 4004 759 4070 teli
781 4004 871 4088 quasi
892 4022 1006 4089 aggere
1027 4021 1046 4068 a
1068 4003 1158 4070 nobis
1190 4005 1254 4070 late
1277 4003 1336 4070 cir-

134 4111 287 4197 cumjecto
321 4113 404 4178 intra
434 4110 501 4198 ejus
534 4112 690 4180 ambitum
711 4112 841 4195 bestiae,
876 4131 955 4198 quae
987 4113 1190 4180 antichristus
1213 4113 1337 4189 dicitur,

133 4222 299 4290 latibulum
330 4222 534 4309 investigetur
569 4225 722 4311 sagacius.
744 4261 786 4276 -
810 4222 872 4292 Sed
906 4224 1053 4309 quonism
1085 4225 1118 4291 in
1155 4225 1338 4310 exquirendo

235 4473 254 4547 ¹)
273 4476 345 4531 loen
365 4476 391 4532 5.
410 4473 455 4530 43.

1172 4559 1233 4628 12*
