3168 5190
689 831 799 900 Gap.
820 825 1026 884 XLVIII.

420 959 567 1036 Qualiter
590 957 689 1024 verba
711 975 737 1022 s.
760 952 879 1020 llilauii
902 949 965 1016 sibi
983 966 1050 1015 nou
1074 940 1301 1031 compugnant.

356 1147 423 1214 Neo
444 1165 517 1212 vero
541 1146 753 1230 compugnant
780 1139 839 1206 sibi
862 1138 945 1202 (licta
967 1134 1079 1201 Hilarii
1102 1132 1140 1196 de
1163 1127 1298 1206 Christo,
1323 1129 1359 1190 ut
1382 1125 1461 1188 dum

256 1265 350 1329 Pater
372 1258 516 1326 donantis
539 1257 725 1321 auctoritate
747 1254 847 1337 major
870 1258 926 1334 est,
951 1247 1034 1313 filius
1057 1248 1130 1312 doni
1145 1235 1342 1313 confessione
1357 1253 1464 1317 minor

255 1393 317 1440 non
340 1373 391 1450 sit,
426 1371 480 1436 sed
502 1369 640 1452 aequalis
664 1367 776 1451 majori
799 1368 850 1445 sit,
884 1387 946 1432 uon
979 1369 1107 1453 inquam
1130 1392 1163 1438 sc
1185 1374 1268 1439 dieta
1301 1374 1378 1437 haec
1398 1367 1464 1431 im·

255 1488 406 1572 pugnant,
440 1481 583 1565 quamvis
606 1480 637 1543 iu
660 1479 738 1543 facie
771 1495 878 1562 pugna
912 1480 1063 1560 quaedam
1098 1483 1263 1550 verbomm
1297 1489 1462 1571 appareat.

256 1597 331 1662 Tale
355 1594 428 1678 quid
451 1592 533 1658 euim
563 1591 658 1656 etiam
681 1592 718 1654 de
740 1591 884 1674 genitura
908 1590 1011 1669 Verbi,
1046 1596 1082 1656 ut
1104 1594 1135 1658 in
1158 1598 1339 1680 praemissis
1363 1601 1463 1680 patet,

256 1709 339 1772 idem
356 1705 496 1770 Hilarius
519 1704 620 1768 dicere
641 1720 707 1764 uon
727 1700 858 1766 dubitat.
882 1701 986 1780 Pater,
1010 1703 1119 1786 inquit,
1143 1706 1218 1772 dum
1241 1709 1337 1773 Pater
1358 1707 1463 1790 major

258 1822 315 1897 est,
341 1818 368 1882 si
382 1817 492 1894 Filius,
516 1814 590 1878 dum
613 1812 696 1876 lilius
719 1815 776 1886 est,
800 1812 901 1875 minor
923 1830 985 1876 nou
1008 1817 1062 1878 est.
1090 1813 1246 1883 Nativitas
1261 1817 1316 1883 filii
1333 1818 1463 1882 Patrem

258 1929 422 1996 constituit
443 1925 605 2009 majorem,
638 1925 791 1990 minorem
825 1943 897 1989 vero
931 1925 1032 1990 filium
1055 1945 1123 1991 esse
1145 1928 1318 1994 nativitatis
1350 1931 1464 1993 natura

256 2059 318 2106 uon
341 2039 469 2122 patitur.
494 2034 573 2103 Ecce
589 2036 752 2108 diotomm,
773 2053 850 2118 quae
866 2036 1038 2117 uidebatur,
1063 2039 1306 2122 compugnantia
1329 2039 1465 2120 qualiter

259 2150 383 2217 sublata
406 2156 470 2232 est,
505 2152 579 2216 dum
603 2154 634 2214 et
656 2151 750 2214 Pater
783 2148 960 2232 generantis
993 2147 1180 2212 auctoritate
1213 2147 1314 2231 major
1348 2152 1396 2212 est
1431 2153 1465 2213 et

258 2262 341 2328 filius
373 2264 520 2346 paternae
553 2265 682 2326 naturae
715 2259 871 2326 consortio
908 2277 970 2325 non
993 2259 1087 2325 Patre
1109 2259 1211 2324 minor
1244 2261 1299 2325 sed
1322 2259 1464 2343 aequalis

259 2377 316 2440 est.
339 2373 431 2439 Esset
451 2376 557 2438 autem
570 2371 823 2458 compugnantia,
848 2371 874 2434 si
889 2369 1028 2453 ejusdem
1043 2370 1202 2436 relationis
1217 2369 1466 2437 consideratione

260 2486 354 2551 Pater
388 2485 487 2568 major
510 2487 542 2550 et
563 2483 662 2549 Filius
696 2500 758 2546 nou
780 2481 882 2546 minor
905 2481 959 2546 sed
982 2482 1119 2565 aequalis
1154 2482 1265 2566 majori
1299 2482 1464 2546 diceretur.

261 2597 301 2662 Et
321 2596 390 2676 hoo,
426 2600 462 2660 ut
494 2595 614 2661 dietum
648 2596 713 2672 est,
747 2593 785 2658 de
817 2593 961 2676 genitura
984 2611 1107 2676 quoque
1128 2591 1223 2660 Verbi
1256 2591 1464 2658 sentiendum.

261 2707 414 2775 Similiter
435 2710 542 2771 eutem
565 2709 597 2771 et
618 2706 656 2770 ‹le
678 2703 803 2772 Christo
827 2704 952 2769 homine
970 2704 1037 2770 Deo
1060 2704 1212 2770 catholice
1234 2705 1357 2784 dicitur,
1381 2705 1465 2788 quod

259 2805 344 2883 idem
366 2817 460 2882 homo
484 2817 626 2884 Christus
649 2817 743 2884 Jesus
767 2821 798 2882 et
821 2816 992 2881 secuudum
1013 2815 1242 2883 humanitatem
1257 2817 1352 2882 Patre
1371 2833 1409 2881 ac
1430 2835 1466 2882 se

260 2930 330 3014 ipso
354 2930 420 2993 Deo
443 2928 545 2992 minor
567 2931 616 2992 est
637 2929 780 3011 idemque
812 2928 882 3013 ipse
903 2927 1073 2992 secundum
1097 2925 1235 3010 ejusdem
1258 2928 1465 2993 humanitatis

260 3040 455 3123 personalem
491 3057 563 3104 cum
586 3039 688 3105 Verbo
726 3040 880 3104 unitatem
902 3043 934 3104 et
955 3039 995 3104 ad
1016 3038 1173 3104 dexmram
1194 3038 1298 3104 Patris
1322 3040 1467 3105 exaltati-

262 3167 363 3230 onem,
386 3167 448 3214 non
466 3149 534 3233 jam
556 3150 657 3214 minor
669 3151 763 3215 Patre
784 3153 839 3216 aut
859 3170 892 3215 se
913 3151 983 3234 ipso
1005 3151 1081 3229 Deo,
1105 3151 1160 3215 ssd
1181 3150 1320 3233 aequalis
1344 3154 1401 3214 est.
1424 3151 1467 3216 Et

262 3261 307 3326 sic
328 3263 497 3344 utrumque
519 3259 617 3327 stabit
638 3263 781 3328 uidelicet
804 3266 837 3328 et
860 3263 941 3345 quod
964 3262 1135 3326 secuudum
1151 3261 1359 3328 Athanasium
1382 3263 1467 3327 cauit
1579 3249 1580 3293 l

263 3372 410 3439 eeclesia:
432 3373 618 3456 aequalis
641 3374 756 3438 Patri
790 3375 1013 3440 seeundum
1031 3374 1312 3454 divinitatem,
1334 3376 1467 3440 minor

262 3482 385 3549 Patre
407 3484 620 3548 secuudum
643 3483 941 3548 humanitatem
977 3488 1008 3549 et
1036 3487 1119 3568 quod
1140 3488 1311 3552 secundum
1333 3503 1467 3569 evauge-

262 3596 356 3662 lioam
376 3598 408 3660 et
430 3593 634 3678 apostolicam
649 3595 855 3660 assertionem
871 3596 982 3660 Hilarii
1004 3596 1087 3662 idom
1102 3597 1196 3662 homo
1213 3598 1355 3666 Christus
1370 3599 1391 3665 J
1394 3615 1466 3664 esus

263 3725 325 3773 nou
343 3707 411 3791 jam
433 3707 528 3771 Patre
550 3705 662 3786 minor,
698 3707 752 3772 sed
774 3709 856 3790 apud
886 3709 1088 3791 semetipsum
1112 3709 1240 3774 Patrem
1273 3709 1466 3794 glorificatus

263 3819 297 3884 iu
319 3819 419 3902 gloria
433 3819 538 3884 Patris
561 3821 618 3884 est.
641 3817 707 3884 Nec
729 3818 920 3903 praejudicat
940 3820 1122 3904 aequalitati
1142 3838 1291 3904 personae
1313 3820 1467 3886 humanae

263 3932 393 3995 naturae
414 3931 454 3995 ad
476 3931 613 3996 divinam
635 3931 766 3997 collatae
787 3931 1002 4015 inaequalitas.
1039 3931 1163 3998 Etenim
1193 3933 1253 3999 etsi
1285 3931 1464 3998 humanitas
1576 3987 1577 4003 ,

264 4039 420 4105 humati
443 4043 556 4108 collata
576 4043 667 4126 plane
689 4043 792 4109 minor
814 4045 876 4122 est,
910 4043 937 4108 is
962 4046 1066 4109 tanim
1087 4043 1191 4124 homo,
1227 4043 1281 4127 qui
1302 4042 1360 4109 Dei
1382 4042 1465 4108 filius

263 4151 296 4216 iu
318 4150 433 4216 virtute
455 4170 491 4218 ac
513 4152 599 4218 Deus
621 4172 713 4219 verns
736 4157 793 4232 est,
816 4154 884 4219 Deo
908 4171 980 4220 uero
1002 4153 1105 4219 minor
1127 4173 1190 4220 nou
1212 4158 1271 4220 est.
1294 4155 1361 4220 Aut
1382 4153 1410 4218 si
1431 4157 1466 4218 tu
1575 4193 1576 4239 ἦ

265 4263 452 4347 quicumque
473 4263 630 4330 haeretice
661 4264 823 4348 negaveris
846 4264 946 4330 Deum
968 4285 1077 4331 uemm
1099 4267 1131 4331 in
1153 4283 1246 4332 carne
1268 4265 1388 4332 uenisse
1410 4283 1466 4330 uec

265 4374 466 4457 corporaliter
487 4373 646 4441 habitasse
668 4376 698 4440 id
722 4379 770 4442 est
792 4396 848 4442 uec
869 4377 902 4442 iu
924 4377 991 4443 viso
1013 4379 1083 4463 ipso
1106 4380 1209 4446 Deum
1233 4380 1335 4445 uisum
1355 4395 1413 4442 neo
1433 4377 1466 4442 iu
1574 4387 1575 4394 ’

264 4485 409 4568 loquente
429 4487 569 4553 locutum
591 4506 648 4553 uec
670 4488 830 4554 inaudito
853 4490 994 4557 auditum
1017 4509 1074 4557 ueo
1087 4491 1120 4557 iu
1137 4494 1284 4575 operante
1305 4491 1466 4574 operatum
1573 4585 1574 4592 ἵ
