3168 5190
1291 349 1353 416 197

148 518 186 583 in
206 518 296 583 lance
313 515 456 601 justitiae
479 517 676 584 collocentur.
700 515 864 602 Siquidem
887 521 996 587 auctor
1017 524 1175 588 creaturae
1196 521 1230 588 in
1251 521 1356 589 infini-

150 632 224 695 tum
245 627 370 712 dignior
390 627 476 692 omni
498 631 640 694 creatora
663 632 720 697 est.

652 1039 763 1108 Gap.
780 1041 855 1096 1v.

219 1185 354 1254 tlolturn
376 1186 416 1255 dc
432 1187 565 1274 justitia
587 1187 621 1256 et
641 1188 866 1258 misericordia
886 1189 1124 1261 incarnationis
1147 1193 1277 1262 Christi.

249 1373 301 1442 Sic
322 1393 395 1439 vero
418 1375 529 1440 salutis
548 1377 675 1440 nostrae
697 1379 807 1441 auctor
827 1376 1068 1443 misericorditer
1082 1377 1172 1444 nobis
1189 1379 1352 1448 subvenire

146 1487 294 1571 dignatus
317 1487 375 1566 eet,
408 1488 445 1551 ut
462 1485 620 1569 justitiam
643 1485 738 1551 simul
760 1487 799 1550 ad
821 1487 918 1552 uitam
940 1489 1098 1554 remeandi
1119 1489 1219 1570 nobis,
1258 1509 1353 1574 qnam

146 1617 211 1664 non
229 1597 406 1677 habuimus,
441 1596 604 1662 conferret.
649 1597 774 1662 Etenim
797 1599 1025 1682 sapientissime
1060 1601 1223 1684 provisum
1245 1620 1264 1666 a
1286 1603 1352 1668 Deo

146 1712 206 1789 est,
229 1713 265 1774 ut
287 1727 306 1774 a
327 1708 417 1774 nobis
440 1712 471 1774 et
493 1728 529 1773 ex
551 1715 659 1775 nostro
681 1727 762 1774 nova
784 1712 889 1774 tamen
912 1712 1030 1795 origine
1051 1712 1073 1777 i.
1096 1731 1120 1777 e.
1144 1711 1263 1796 absque
1281 1733 1354 1799 peo-

146 1820 211 1886 oati
244 1820 372 1886 traduce
405 1823 550 1901 sumeret,
590 1821 673 1905 quod
706 1839 764 1906 pro
800 1819 889 1886 nobis
922 1809 1109 1890 redimendis
1146 1824 1350 1926 impenderet.

145 1932 303 2015 Quoniam
334 1931 431 2016 igitur
453 1951 489 1997 ex
510 1936 617 1998 nostro
650 1933 758 1999 aDco
780 1933 934 2017 redempti
967 1954 1075 2002 sumus
1109 1936 1185 2001 haee
1221 1939 1349 2003 nostrae

139 2043 286 2128 justitiae
308 2043 347 2107 ad
369 2043 467 2108 vitam
489 2044 647 2109 remeandi
668 2043 771 2129 portio
794 2046 851 2109 est.
871 2043 982 2128 Neque
998 2045 1080 2110 enim
1096 2046 1217 2112 deceret
1239 2047 1352 2113 Domi·

144 2175 223 2222 num
245 2155 421 2241 majestatis
455 2156 528 2221 talis
551 2156 772 2236 misericordia,
810 2173 890 2239 quae
911 2157 1034 2239 penitus
1058 2158 1141 2222 omni
1164 2162 1282 2224 careret
1298 2157 1352 2242 ju·

145 2267 245 2348 stitia,
279 2285 361 2332 nunc
393 2285 465 2333 vero
499 2267 790 2334 misericordia
826 2271 864 2332 et
898 2268 1049 2333 veritas
1085 2267 1352 2336 obviaverunt

145 2378 249 2458 sibi,
269 2377 444 2463 justitia
467 2381 505 2444 et
526 2395 600 2462 pax
624 2377 838 2443 osculatae
861 2377 1007 2458 sunt,¹)
1028 2381 1065 2442 ut
1087 2382 1118 2443 et
1140 2379 1352 2446 misericordia

144 2511 227 2571 cam,
251 2509 310 2576 que
324 2489 350 2578 a)
371 2489 405 2556 in
427 2493 588 2556 aeternum
610 2489 777 2555 damnandi
793 2487 961 2568 fueramus,
985 2492 1175 2574 temperaret
1192 2489 1351 2573 justitiam

146 2607 182 2670 et
199 2603 323 2689 justitia
345 2601 517 2669 salvatoris
551 2601 653 2666 nostri
675 2601 814 2666 condiret
836 2600 1091 2666 misericordiam.
1137 2599 1217 2666 Sane
1239 2605 1271 2666 et
1291 2602 1351 2668 hoe

142 2718 286 2806 Justitiee
308 2715 386 2782 ratio
409 2710 598 2798 postulabat,
621 2714 667 2784 ut,
691 2707 743 2795 qui
759 2711 997 2778 delectationem
1019 2728 1056 2776 ac
1077 2710 1261 2778 facilitatem
1282 2733 1350 2798 pec

146 2829 238 2896 candi
261 2827 394 2894 scienter
415 2822 627 2889 inobedientes
650 2840 687 2888 ac
709 2823 895 2907 praemoniti
917 2826 1052 2888 mortem
1074 2823 1273 2906 incurrimus,
1296 2845 1350 2908 per

145 2943 258 3008 duram
281 2941 313 3004 et
333 2953 480 3023 asperam
510 2932 717 3002 obedientiam
750 2954 805 3020 pro
839 2935 928 3001 nobis
951 2955 1049 3020 usque
1082 2937 1120 3002 ad
1143 2941 1277 3004 mortem
1299 2957 1350 3004 ex-

143 3051 248 3118 hibita
269 3051 308 3116 ad
332 3049 429 3114 vitam
451 3046 689 3126 redimeremur,
712 3045 849 3130 alioquin
869 3046 1002 3114 facilitas
1024 3043 1131 3115 veniae
1154 3049 1242 3115 fieret
1261 3067 1350 3116 occa·

145 3163 194 3229 sio
218 3160 415 3245 delinquendi
446 3157 568 3242 dicique
587 3161 698 3242 posset
721 3157 759 3222 de
781 3157 914 3222 Domino
938 3159 1032 3224 simul
1054 3177 1090 3226 ac
1110 3160 1199 3225 nobie
1222 3180 1349 3245 prover·

145 3277 250 3342 bium:
284 3273 446 3340 familiaris
481 3271 624 3337 dominus
660 3270 843 3336 temerarios
867 3289 972 3336 servos
996 3273 1102 3352 nutrit,
1138 3273 1219 3356 qood
1242 3273 1348 3356 utique

145 3392 212 3454 tem
231 3387 294 3472 ipsi
317 3403 411 3468 quam
433 3383 530 3449 serris
553 3385 635 3448 esset
656 3380 902 3466 ingloriosum-³)
948 3381 1094 3468 Oportuit
1115 3387 1220 3448 autern
1244 3383 1349 3448 obedi-

146 3499 264 3566 entiam
292 3497 372 3562 hanc
393 3514 449 3579 per
469 3495 666 3561 innocentem
693 3512 859 3578 personam
881 3495 1017 3561 hominis
1041 3494 1184 3574 exhiberi,
1209 3493 1346 3578 alioquin

145 3609 286 3678 nocentis
309 3625 394 3673 mors
417 3609 448 3673 et
471 3605 645 3672 obedientia
669 3606 716 3672 rix
730 3607 894 3694 proprior)
920 3608 1046 3674 delendo
1064 3606 1162 3680 reatui
1179 3604 1345 3682 sufficeret,

145 3721 261 3788 nedum
294 3719 392 3785 totius
425 3719 533 3784 mundi
555 3717 671 3784 crimen
693 3717 840 3786 aboleret.
874 3721 955 3803 Quid
974 3721 1092 3804 igitur?
1113 3719 1164 3783 Ad
1185 3717 1245 3782 hoc
1268 3736 1346 3800 opus

145 3831 340 3900 obedientiae
358 3830 443 3897 Deus
476 3832 658 3914 angelorum
695 3832 873 3916 quempiam
892 3832 1029 3896 misisset
1050 3830 1175 3895 homine
1197 3828 1345 3893 vestitum

144 3965 184 4012 ne
206 3945 273 4010 sine
294 3945 401 4009 nostro
424 3940 596 4026 redemptio
619 3942 734 4008 lieret?
778 3943 841 4009 Sed
862 3945 992 4027 angelus
1015 3943 1074 4008 etsi
1096 3959 1186 4007 carne
1209 3940 1345 4003 humana

143 4056 253 4125 vestiri
286 4053 431 4140 potuerit,
465 4052 602 4118 animam
634 4055 760 4121 induere
792 4056 970 4133 humanam,
1006 4071 1065 4138 qna
1098 4053 1247 4116 nimirum
1278 4051 1343 4133 ipse

145 4168 291 4237 subtilior
313 4183 375 4231 nou
391 4168 448 4246 est,
471 4184 533 4232 non
555 4166 717 4250 potuisset.
741 4168 907 4235 Praeterea
930 4185 987 4233 nec
1009 4165 1142 4231 hominis
1167 4182 1221 4230 nec
1243 4159 1345 4246 angeli

249 4438 268 4509 ¹)
286 4439 331 4496 Pe.
349 4438 393 4495 84.
415 4439 458 4496 11.
473 4469 506 4481 -
522 4437 543 4509 ²)
562 4440 618 4494 cod.
636 4454 721 4508 quam.
735 4467 768 4480 ·-
784 4434 805 4506 ⁸)
826 4436 882 4492 cod.
901 4437 1047 4504 inglorium.
1073 4463 1096 4477 ι·
1114 4435 1136 4506 ⁴)
1155 4435 1212 4490 eod.
1232 4435 1344 4501 proprie.
