3168 5214
259 385 322 451 354

259 557 341 623 ltem
364 561 453 639 pater
476 560 507 622 et
529 557 630 618 mater
652 553 766 618 diversi
787 556 931 638 parentes
955 556 986 619 et
1007 553 1149 618 homines
1189 557 1262 619 sunt
1295 558 1327 620 et
1360 559 1471 620 tamen

258 686 336 751 quae
359 687 394 732 er
418 668 462 732 eis
484 666 626 751 procedit
648 666 750 748 proles
785 683 847 730 una
884 668 941 731 est.
986 666 1072 747 Quae
1107 666 1202 729 etiam
1241 683 1304 731 non
1337 667 1469 731 dimidia

255 780 347 844 unius
370 782 402 845 et
424 778 551 844 dimidia
572 776 700 842 alterius
722 776 860 860 parentis
883 779 941 856 est,
965 777 1019 841 sed
1039 779 1106 842 tota
1128 777 1292 860 utriusque
1326 775 1469 860 parentis

256 909 324 955 esse
346 891 547 974 dignoscitur.
594 889 634 953 lit
656 887 734 952 haec
755 887 888 952 dicimus
911 906 973 952 non
1007 887 1096 970 quasi
1130 888 1264 953 duorum
1297 891 1468 973 parentum

255 1001 356 1066 lilium
393 1020 447 1066 seu
480 1001 578 1066 liliam
611 1002 755 1064 sanctum
785 1000 1011 1064 constituentes
1049 998 1211 1083 Spiritum,
1246 999 1300 1064 sed
1333 999 1468 1064 unitatis
1566 1049 1567 1088 3

254 1112 346 1178 nnius
369 1112 414 1177 rei
437 1131 473 1176 ex
494 1109 616 1176 dnobus
636 1110 795 1194 principiis
817 1110 982 1176 afferentes
1005 1111 1189 1194 exemplum,
1228 1109 1380 1193 Alioquin
1398 1108 1468 1192 jam
1566 1107 1567 1116 ’

254 1223 314 1288 duc
338 1227 442 1288 essent
463 1221 497 1286 in
519 1221 673 1286 Trinitate
696 1220 752 1285 filii
774 1222 822 1286 vel
845 1220 928 1286 iilius
952 1225 984 1286 et
1006 1221 1080 1303 filia,
1105 1221 1186 1305 quod
1209 1239 1228 1286 a
1255 1221 1317 1286 tide
1357 1223 1467 1286 nostra

253 1337 378 1420 penitus
396 1336 535 1402 alienum
557 1337 617 1399 est.

209 1433 252 1502 14
353 1445 397 1511 ut
418 1445 495 1512 haec
517 1446 654 1511 inserere
676 1446 784 1510 nostro
809 1444 881 1510 huic
905 1447 1054 1528 opusculo
1079 1446 1182 1511 visum
1204 1448 1261 1525 est,
1293 1463 1333 1509 ne
1366 1443 1467 1510 Grae·

251 1575 359 1622 corum
383 1558 490 1637 errori,
515 1575 608 1640 quem
630 1555 719 1620 nobis
752 1557 907 1640 ingerunt,
932 1557 1020 1622 taciti
1053 1557 1247 1640 acquievisse
1282 1556 1332 1620 vel
1366 1554 1466 1620 falsae

250 1667 376 1732 illorum
410 1666 677 1752 argumentationi
711 1665 866 1730 contraire
903 1685 966 1731 non
994 1669 1136 1752 potuIsse
1162 1668 1332 1732 videamur.
1377 1666 1466 1749 Quos

252 1797 315 1843 non
337 1778 453 1844 mirum
476 1780 525 1844 est
548 1777 658 1843 offerre
679 1777 911 1857 fermentatum,
937 1797 972 1843 eo
996 1781 1078 1862 quod
1100 1779 1178 1845 fides
1216 1796 1323 1844 eorum
1360 1795 1466 1842 errore

253 1890 309 1954 tali
332 1889 520 1955 fermentata
542 1889 574 1953 in
597 1888 713 1972 azymis
736 1889 925 1954 sinceritatis
947 1893 980 1954 et
1009 1890 1149 1956 veritatis
1183 1907 1246 1954 non
1279 1889 1330 1954 sit.
1376 1886 1466 1954 Sicut

254 2001 339 2065 enim
362 2018 475 2084 panem
497 2019 557 2064 non
582 2000 719 2064 solidum
741 2000 794 2064 sed
818 1999 983 2064 vacuitatis
1007 2002 1133 2084 plenum
1170 2000 1314 2078 offernmt
1349 1999 1395 2064 ita
1432 2001 1466 2062 et

253 2093 406 2177 soliditati
428 2111 587 2198 potentiae
610 2109 727 2177 Christi
750 2115 902 2193 quantum
925 2113 964 2176 ad
987 2112 1080 2176 fidem
1117 2130 1223 2176 eorum
1256 2129 1318 2176 non
1349 2127 1464 2194 parurn

253 2223 376 2308 vigoris
399 2223 577 2301 detrahunt,
602 2221 654 2304 qui
677 2241 712 2285 ex
735 2221 803 2304 ipso
827 2221 979 2306 Spiritum
1001 2223 1033 2288 in
1056 2242 1113 2288 nos
1155 2221 1363 2287 vivificantem
1401 2238 1463 2284 non

251 2334 420 2418 procedere
444 2334 646 2412 contendunt,
670 2334 778 2396 contra
801 2335 883 2416 quod
908 2334 1060 2418 scriptum
1094 2339 1142 2400 est
1179 2335 1216 2398 de
1253 2334 1342 2410 Aser,
1380 2331 1465 2415 quod

252 2445 479 2530 interpretatur
501 2445 632 2511 beatus:
666 2445 769 2508 Aser
793 2445 956 2529 pinguis
979 2448 1102 2530 panis
1126 2445 1213 2530 ejus
1236 2447 1275 2509 et
1296 2443 1464 2528 praebe·

249 2553 315 2620 bit
337 2557 510 2622 delicias
536 2555 739 2640 regiliusl).
787 2559 872 2639 Quae
910 2574 1045 2640 namque
1081 2556 1242 2621 beat'todo
1277 2555 1461 2620 deliciarum

248 2666 395 2730 eeclesiae
416 2667 449 2731 in
472 2667 596 2734 Christo
619 2685 699 2752 pane
723 2686 778 2730 suo
802 2671 895 2742 osset,
920 2668 1030 2730 sinon
1055 2669 1092 2731 de
1114 2667 1182 2749 ipso
1217 2685 1349 2748 corpore
1374 2665 1455 2749 ejuS,

249 2777 334 2859 quod
355 2777 388 2840 in
411 2777 503 2842 altari
527 2778 690 2856 sumimus,
706 2777 841 2860 Spiritus
859 2779 958 2842 sancti
969 2778 1001 2842 in
1013 2797 1070 2842 nos
1083 2777 1238 2862 pinguedo
1251 2778 1461 2862 procederet?

206 2876 246 2944 15
352 2888 392 2952 Et
414 2885 489 2952 haee
512 2887 636 2970 quidem
672 2887 761 2951 nobis
793 2887 1011 2970 disputationis
1047 2907 1151 2972 pugna
1182 2892 1290 2952 contra
1324 2887 1460 2954 Graecos

248 2999 412 3063 modernos
434 2999 588 3082 iidemque
612 2999 750 3081 ipsorum
774 2999 983 3082 depravatam
1008 3000 1165 3077 extiterit3
1189 3018 1261 3062 nam
1285 2997 1407 3081 antiqui
1429 3002 1460 3063 et

250 3107 415 3172 orthodoxi
447 3112 551 3191 patres
593 3109 696 3192 graeei
729 3108 882 3191 Didymus
917 3113 1010 3192 atque
1041 3110 1231 3175 Athanasius
1265 3111 1391 3192 insuper
1428 3113 1460 3174 et

246 3221 355 3283 sancta
376 3217 532 3302 Ephesius
554 3220 690 3302 synodus
713 3237 776 3282 non
798 3223 906 3284 contra
929 3239 995 3298 nos
1011 3223 1064 3285 sed
1088 3224 1198 3286 eontra
1221 3240 1274 3286 eos
1294 3240 1350 3303 pro
1368 3218 1457 3284 nobis

246 3331 305 3394 est.
349 3329 489 3412 Quorum
511 3329 606 3394 etiam
629 3328 722 3394 verba
745 3328 975 3414 subjungimus
992 3336 1028 3397 ut
1051 3333 1077 3396 si
1100 3352 1163 3397 uon
1186 3332 1301 3397 uostris
1327 3332 1374 3397 vel
1391 3334 1457 3395 suis

245 3437 383 3506 Graecus
396 3441 485 3506 cedat
497 3441 685 3506 doctoribus.
710 3440 902 3506 Athanasius
925 3442 955 3506 in
976 3442 1141 3526 symbolo:
1165 3441 1329 3526 „Spiritus
1342 3441 1454 3525 inquit,

245 3552 371 3615 sanctus
394 3568 413 3616 a
436 3550 531 3616 Patre
554 3555 585 3617 et
606 3552 696 3630 Filio,
721 3570 782 3615 non
806 3552 918 3631 lactus
941 3573 998 3618 nec
1023 3557 1157 3633 creatus,
1183 3555 1387 3639 neegenitus‚
1401 3555 1454 3617 sed

246 3660 445 3741 procedens.“
471 3663 551 3727 Item
576 3682 611 3726 err
636 3663 978 3748 symb010²)}iphesini
1001 3664 1125 3730 concilii
1147 3666 1352 3731 ducentorum
1375 3665 1456 3748 epis-

247 3787 407 3854 coporum,
432 3775 514 3856 quod
536 3771 679 3839 habiturn
702 3779 750 3840 est
771 3779 880 3841 eontra
903 3775 1109 3842 Nestorium:
1138 3777 1202 3854 „De
1219 3775 1341 3860 Spiritu
1379 3776 1455 3841 dicit

252 4011 409 4021 ιιι-ῃ...»
415 4015 499 4024 -.-...-

350 4082 369 4153 ¹)
387 4087 449 4140 Gen.
469 4087 514 4141 49.
534 4088 578 4142 20.
603 4117 634 4128 -·
656 4087 677 4155 ²)
696 4090 773 4142 Ernst
794 4091 936 4152 Gerhohus,
965 4107 1023 4144 nam
1049 4092 1121 4144 loeus
1152 4093 1201 4144 iste
1226 4107 1260 4144 ex
1292 4093 1400 4158 epistola
1431 4109 1451 4145 s.

246 4175 345 4242 cyrilli
364 4175 538 4230 Alexandrini
565 4181 600 4232 erl
624 4183 769 4232 Nestorium
796 4183 962 4250 depromptus
987 4188 1033 4237 est.
1071 4185 1158 4236 Mansi
1187 4184 1290 4237 collect.
1317 4199 1389 4238 cone.
1405 4184 1451 4237 erl.

246 4266 391 4319 Florentiae
411 4265 482 4322 1760
502 4274 560 4323 tom.
582 4271 628 4325 IV.
648 4272 698 4324 ool.
720 4271 1059 4329 1079—1081.llerrlouio
1082 4273 1148 4328 Aeta
1167 4274 1261 4328 concil.
1282 4273 1324 4329 ed.
1337 4275 1450 4327 Parisiis

247 4357 328 4412 1715.
350 4360 399 4413 eol.
420 4361 515 4423 1aa1;
535 4362 580 4413 sed
601 4364 753 4415 concordant
773 4365 837 4416 liaeo
857 4364 936 4417 rerba
955 4366 1067 4418 Gerholri
1088 4363 1185 4420 euml]
1212 4365 1235 4420 J.
1256 4365 1284 4420 G.
1313 4382 1335 4419 o.
1361 4365 1397 4420 39
1416 4365 1450 4418 dc

246 4464 357 4504 consecr.
377 4451 437 4505 dist.
459 4453 476 4506 5
500 4483 529 4490 -
550 4451 594 4506 Ito
615 4471 638 4522 p.
662 4454 686 4508 1.
710 4475 729 4509 c.
752 4455 776 4507 l.
