3158 5212
280 417 327 484 60

277 607 349 654 mus
373 591 492 671 etipse
523 589 602 672 legis
635 586 693 653 Dei
726 603 762 652 ac
783 587 983 668 paternarum
1015 582 1219 648 traditionum
1242 595 1297 646 san
1318 577 1477 645 libertatis

279 699 508 766 ecclesiasticae
537 699 711 764 aemulator
743 695 887 762 existens.
931 692 974 760 Aa
994 711 1066 758 vero
1098 695 1129 756 et
1149 692 1303 759 Henricus
1337 710 1390 758 rex
1421 709 1479 774 per

277 809 409 895 abrupta
430 813 575 894 paternae
598 810 684 876 callis
706 807 882 892 ingrediens
905 823 999 890 regno
1023 805 1054 870 11
1075 802 1204 886 imperio
1227 822 1284 868 suo
1306 803 1478 868 1111111111

278 921 498 987 detrimentum
520 918 694 1004 reputabat,
719 918 745 983 si
769 917 1004 1001 episcopatuum
1023 914 1224 979 investituras
1247 912 1372 993 liberae,
1396 913 1480 978 sicut

278 1033 310 1098 in
322 1050 378 1098 sua
390 1031 608 1098 sublimatione
618 1029 811 1114 promiserat,
824 1027 1027 1113 permisisset,
1049 1045 1173 1091 ornnem
1185 1027 1329 1092 uidelicet
1342 1023 1480 1110 gloriam

278 1141 365 1226 regni
397 1141 446 1206 sui
478 1143 564 1207 uelut
595 1141 674 1207 alter
706 1140 810 1207 Amen
842 1140 930 1204 nihili
964 1141 1109 1222 reputans
1146 1138 1205 1204 nisi
1238 1136 1476 1214 Mardochaeus,

280 1254 353 1319 ordo
377 1253 494 1318 scilicet
516 1252 725 1332 sacerdotalis,
761 1270 867 1318 curam
900 1269 995 1336 agens
1026 1249 1172 1316 ecclesiae
1208 1267 1339 1334 sponsae
1359 1246 1478 1332 regalis

278 1363 307 1429 ei
327 1382 383 1446 pro
405 1363 608 1446 adipiscendis
630 1363 799 1429 honoribus
827 1361 1042 1427 aeclesiasticis
1071 1360 1209 1427 flecteret
1222 1378 1314 1445 genu.
1337 1355 1476 1442 scopis)

276 1474 372 1559 igitur
406 1474 525 1557 etipse
548 1473 734 1540 obeuntibus
764 1473 915 1558 episcopis
938 1473 1102 1538 electiones
1124 1471 1280 1556 legitimas
1302 1470 1335 1534 in
1358 1469 1479 1536 substi-

276 1584 398 1650 tuendis
428 1584 497 1650 aliis
521 1587 569 1650 vel
590 1586 767 1668 praevenire
800 1583 968 1650 velfaotas
991 1583 1241 1667 nihilipendere,
1278 1582 1477 1666 episcopatus

276 1695 316 1760 ad
336 1693 471 1777 gratiam
492 1714 704 1778 personarum,
734 1697 774 1762 ad
796 1697 943 1780 pecuniae
966 1714 1087 1780 quoque
1109 1697 1157 1761 rel
1179 1693 1319 1778 obsequii
1341 1693 1479 1776 accepti·

276 1823 367 1870 onem
389 1805 536 1872 conferre.
581 1809 725 1892 Dumque
747 1809 786 1872 ad
806 1826 877 1873 eum
899 1806 1059 1872 Paschalis
1092 1824 1171 1890 papa
1201 1809 1330 1890 paterna
1353 1803 1476 1869 monita

276 1915 463 2004 dirigeret,²)
487 1917 597 2003 quibus
621 1937 693 1984 eum
715 1919 754 1983 ad
776 1918 859 1983 riam
886 1916 1051 1983 revocabat
1074 1920 1224 2002 quatenus
1242 1915 1366 2001 justitie
1388 1914 1479 1999 regni

276 2029 326 2094 sui
347 2032 520 2109 contentus,
556 2029 746 2114 pontificalia
768 2029 912 2095 sibinen
934 2037 1098 2113 usurparet
1120 2028 1268 2096 ecelesiae
1289 2006 1358 2107 Dei,
1380 2025 1478 2090 matri

277 2139 421 2206 videlicet
440 2158 523 2220 suae,
546 2141 697 2206 honorem
718 2139 851 2206 deferret
871 2138 1049 2206 libertatern
1072 2139 1149 2224 ejus,
1173 2157 1267 2225 quam
1280 2139 1314 2203 in
1325 2136 1477 2222 eligendis

279 2249 491 2316 sacerdotibus
513 2249 626 2317 habere
649 2231 782 2330 deberet,
820 2269 883 2315 non
916 2254 1089 2332 temeraret,
1125 2250 1207 2316 bona
1228 2248 1322 2317 uerba
1343 2250 1375 2314 11
1397 2264 1478 2332 quae

275 2362 471 2428 rationabilia
492 2363 590 2428 uideri
619 2363 952 2449 11111111111111113)
985 2364 1045 2430 nisi
1081 2362 1140 2429 snb
1163 2363 1270 2447 lingua
1292 2361 1359 2445 ejus
1383 2359 1475 2428 labor

276 2476 308 2539 et
330 2473 416 2539 dolor
437 2472 610 2539 latuissent.
643 2473 729 2539 Dixit
750 2491 883 2558 namque
905 2478 937 2541 11
959 2475 1085 2559 scripsit
1113 2475 1153 2540 ad
1175 2473 1333 2540 electionis
1356 2471 1479 2556 episco-

276 2584 356 2669 palis
384 2584 612 2650 concedendam
639 2584 832 2668 libertatem,
862 2587 902 2651 ad
923 2587 1123 2653 investituras
1147 2585 1241 2652 etiam
1262 2585 1476 2670 resignandas,

276 2695 316 2761 ad
337 2695 472 2761 decimas
492 2713 612 2779 quoque
627 2696 828 2762 remittendas
850 2699 988 2764 ecclesiis
1002 2701 1146 2782 peratum
1161 2717 1194 2764 se
1209 2716 1285 2778 esse,
1309 2697 1336 2761 si
1352 2695 1479 2779 quidem

276 2805 418 2871 Domnus
448 2803 649 2889 Apostolicus
678 2807 782 2871 omnia
810 2809 935 2892 regalia,
969 2810 1112 2877 videlicet
1134 2808 1276 2889 ducatus,
1310 2807 1478 2886 marchias,

277 2917 453 2995 comitatus,
481 2915 619 2981 hominia
642 2934 714 2981 oum
738 2917 904 3000 beneficiis,
934 2924 1086 3003 monetas,
1118 2921 1264 2999 11111111,
1287 2918 1478 2984 munitiones

275 3046 331 3111 per
352 3026 531 3093 universum
553 3046 683 3110 regnum
706 3048 798 3094 suum
818 3030 948 3114 imperio
970 3033 1096 3097 reddere
1118 3029 1276 3097 uoluisset.
1298 3029 1385 3094 Haec
1401 3044 1478 3093 saue

276 3138 461 3222 promittens
484 3136 602 3204 sciebat
623 3157 685 3203 non
707 3158 894 3206 consensum
915 3141 954 3206 iri
976 3141 1015 3207 ab
1038 3141 1188 3227 episcopis
1209 3141 1374 3224 praecipuo
1395 3137 1478 3206 Ger·

278 3250 400 3316 maniae
422 3251 453 3315 et
470 3247 589 3315 Galliae
611 3251 704 3334 atque
727 3249 875 3317 Senoniae
890 3255 1006 3320 multas
1021 3254 1140 3339 regales
1156 3241 1279 3317 11111111
1295 3253 1327 3316 11
1343 3250 1478 3316 honores

278 3379 314 3426 11
335 3361 464 3445 antiqua
485 3378 594 3445 regum
617 3363 649 3425 et
669 3360 893 3445 imperatorum
915 3363 1080 3429 donatione
1101 3361 1330 3447 possidentibus
1352 3359 1406 3426 sed
1421 3379 1480 3444 per

276 3473 430 3556 promissa
453 3471 586 3556 speciem
610 3473 764 3555 quandam
785 3474 909 3557 pietatis
932 3474 1077 3541 habentia
1105 3474 1144 3539 ad
1166 3471 1395 3557 perceptionem
1415 3469 1479 3536 111-
1567 3473 1568 3560 ᾗ

277 3581 401 3667 perialis
429 3599 559 3647 coronae
586 3600 642 3666 per
670 3581 916 3651 benedictionem
944 3586 1078 3653 Romani
1108 3582 1269 3651 Pontificis
1293 3581 1353 3647 sibi
1373 3580 1479 3666 impo·
1567 3577 1568 3666 ]

278 3695 395 3760 nendae
406 3691 571 3758 nitebatur.
595 3692 747 3759 Dominus
771 3693 857 3778 Papa
880 3714 1000 3781 quoque
1021 3696 1071 3762 his
1093 3691 1349 3780 promissionibus
1367 3709 1480 3775 accep·
1567 3667 1568 3682 ¹

277 3804 319 3870 tis
341 3803 500 3888 rescripsit
521 3803 549 3868 ei
573 3803 674 3888 qualia
695 3807 906 3888 postulaverat
928 3809 966 3875 de
987 3808 1184 3893 impositione
1213 3805 1356 3871 uidelicet
1377 3803 1480 3887 imps-

277 3914 361 3980 111111
389 3932 520 3981 coronae
542 3918 573 3980 11
602 3915 834 4000 1111111111111)
857 3921 996 3986 omnium
1025 3920 1188 4006 regalium,
1212 3917 1243 3982 si
1268 3916 1392 4001 quidem
1424 3933 1480 3980 rex

282 4075 530 4087 ψ

379 4148 398 4212 ¹)
419 4146 510 4203 Ghron.
530 4148 777 4206 borcharcbuse.
798 4148 877 4206 1106.

379 4245 399 4312 ³)
419 4246 480 4300 uide
505 4243 596 4300 Ghron.
627 4247 776 4304 Reiohorsb.
806 4249 840 4303 ad
862 4265 885 4305 a.
905 4247 1018 4307 11111.
1038 4253 1199 4318 „paterna
1217 4246 1482 4312 monita-iguo-

425 4337 595 4392 rantibus.

379 4435 623 4507 8)11(1.11(1(111.

378 4534 400 4606 ⁴)
418 4536 474 4592 cod.
493 4539 687 4592 restitutionem.
