3168 5214
241 385 305 454 302

241 559 365 644 „Deus
398 559 529 635 Isaac,
559 557 660 622 Dous
693 556 823 624 Jacob
855 575 931 622 non
964 560 1028 622 ast
1049 559 1157 624 Dous
1189 560 1460 622 mortuorum

244 671 329 747 „sod
351 669 548 733 vivorum.
561 667 585 746 1)
628 665 666 734 Si
687 685 761 752 orgo
784 667 903 746 uiuunt,
924 667 1054 732 honesto
1072 668 1163 752 juxta
1186 673 1217 734 ts
1239 686 1361 734 oaroors
1381 686 1462 733 uon

246 784 485 865 „cantantum
509 781 566 846 Ais
589 780 682 862 anim,
705 780 755 845 vol
775 780 809 843 in
824 779 894 843 sinu
908 778 1055 844 Abrahae
1077 782 1126 847 vol
1147 783 1180 845 in
1201 782 1333 865 looum⁸l
1355 782 1464 848 rofri-

245 895 342 981 „gorii
364 895 412 960 vel
435 892 542 958 subter
563 910 650 958 aram
672 891 732 956 Dei
753 892 873 955 animas
895 891 1112 974 apostolomm
1126 895 1159 958 ot
1173 897 1348 976 martyrum
1370 911 1461 959 oon-

245 1007 381 1086 „sodmss
402 1023 459 1070 noo
479 1023 573 1088 possa
595 1002 660 1070 suis
672 1052 683 1088 .,
684 1001 823 1082 tumulis,
835 1006 867 1066 et
878 999 933 1066 ubi
947 1002 1112 1084 volueriut,
1127 1005 1237 1070 adosse
1251 1008 1460 1090 praesentes.

245 1117 442 1194 „Senatorium
463 1115 609 1181 vidolioot
630 1113 791 1198 dignitatis
815 1116 898 1193 sunt,
923 1116 1043 1178 utnon
1064 1115 1146 1180 intur
1160 1114 1330 1182 homicidas
1347 1119 1456 1183 totar-

249 1229 345 1308 „rimo
368 1245 501 1307 cartoro,
536 1227 591 1292 sod
612 1227 645 1291 in
666 1224 764 1292 libera
786 1223 978 1307 honestoque
1000 1227 1143 1292 custodia
1162 1227 1196 1292 in
1216 1226 1462 1294 fortunatorum

247 1340 375 1418 „insulis
399 1343 430 1404 st
451 1339 483 1403 in
505 1339 624 1421 campis
645 1336 741 1402 elisiis
757 1337 994 1421 rooludantm.⁴)
1020 1335 1071 1402 Tu
1093 1338 1159 1402 Doo
1181 1339 1267 1423 logos
1288 1339 1388 1424 ponis,
1415 1343 1462 1406 tu

246 1450 414 1535 „apostolis
437 1451 559 1516 vincula
579 1448 722 1534 injiois‚⁶)
746 1452 783 1514 ut
803 1448 959 1536 usquojad
974 1448 1059 1514 diem
1075 1448 1186 1533 judioii
1209 1454 1372 1516 teneantur
1393 1470 1463 1518 ou·

248 1563 367 1640 „stodia
388 1581 445 1627 nso
467 1561 530 1626 sint
552 1579 624 1626 oum
645 1562 781 1627 Domino
804 1581 871 1642 suo,
906 1562 944 1627 ds
966 1561 1080 1645 quibus
1104 1561 1256 1644 scriptum
1278 1567 1347 1630 est:
1379 1561 1458 1628 Ss-

248 1676 445 1758 „quuutur
465 1689 608 1756 agnum
630 1691 878 1759 quocumque
895 1671 1047 1756 vadit,⁶)
1069 1673 1357 1758 stagnorumque,
1374 1693 1457 1760 orgo

249 1788 299 1863 „st
321 1785 363 1864 hi,
402 1786 454 1868 qui
477 1805 548 1851 oum
571 1803 651 1870 agno
675 1788 757 1864 sunt,
791 1784 907 1868 ubique
929 1805 997 1851 osse
1021 1787 1165 1852 oradsndi
1187 1788 1271 1852 sunt.
1315 1785 1357 1850 ut
1376 1803 1458 1851 oum

251 1895 409 1972 „diabolus
426 1901 458 1962 et
473 1899 638 1964 daemones
657 1900 724 1963 toto
752 1895 827 1962 orbs
848 1899 1029 1983 vagantum)
1045 1901 1076 1963 ot
1091 1898 1250 1964 ooloritats
1270 1895 1365 1962 nimia
1379 1895 1459 1962 ubi·

250 2027 328 2091 „quo
351 2012 528 2092 praesentas
552 2005 678 2090 sunt‚⁸)
701 2012 853 2092 martyros
887 2015 960 2093 post
992 2011 1177 2076 effusionem
1209 2007 1368 2092 sanguinis
1401 2007 1461 2072 sui

252 2119 447 2203 „operientur
468 2137 522 2184 ara
537 2119 562 2202 ⁹)
592 2119 705 2185 inclusi
728 2123 759 2184 st
780 2119 852 2185 indo
873 2122 954 2186 exiro
973 2140 1036 2187 non
1057 2121 1246 2204 poterunt2“

347 2231 429 2296 Item
451 2229 731 2314 Ambrosius10)
757 2231 789 2294 in
811 2230 928 2297 Imoam
952 2234 990 2299 do
1012 2233 1114 2299 vorbis
1137 2231 1241 2316 angoti
1262 2230 1391 2296 ditantis
1416 2232 1461 2298 ds

247 2342 380 2407 Domino
392 2342 487 2409 Josu:
501 2343 573 2408 Hio
585 2344 851 2427 aritmaguus.
870 2344 982 2423 „Bona
995 2343 1105 2426 inquit,
1117 2359 1260 2426 magnus.
1276 2341 1352 2406 lats
1367 2340 1457 2406 onim

250 2450 409 2529 „funditur
424 2453 482 2518 Dei
497 2455 606 2534 virtus,
629 2456 692 2520 lato
704 2455 847 2520 eoelestis
861 2453 1054 2519 substantias
1069 2451 1252 2536 magnitudo
1268 2451 1455 2535 porrigitur.

250 2561 355 2638 „Nihil
379 2565 616 2648 praescriptum,
645 2566 722 2630 nihil
744 2565 1013 2649 circumscriptum
1034 2565 1112 2631 nihil
1123 2565 1298 2630 dimensum
1314 2562 1457 2628 Trinitas
1580 2561 1581 2568 ’

251 2671 372 2749 „habat
387 2674 460 2740 Non
471 2678 539 2742 loco
552 2677 716 2757 clauditur,
725 2696 789 2742 non
799 2677 941 2760 opinione
952 2676 1460 2760 comprehenditunnonasstima-

251 2783 353 2861 „tione
368 2786 572 2866 concluditur,
586 2806 648 2852 non
659 2791 762 2854 astato
773 2789 919 2855 variatur.
944 2787 1039 2855 Dedit
1051 2789 1176 2873 quidum
1188 2787 1342 2854 Dominus
1356 2788 1378 2855 J
1380 2805 1457 2854 osus
1579 2791 1580 2796 ’

255 2895 451 2972 „hominibus
464 2899 720 2981 magnitudinum.
740 2899 779 2965 ln
802 2919 926 2966 omnem
940 2899 978 2982 11)
1000 2905 1115 2966 terram
1134 2901 1333 2969 exivitsonns
1345 2919 1458 2966 nomm

252 3007 344 3084 „etin
361 3007 431 3072 finis
445 3007 529 3073 orbis
541 3011 641 3075 torrae
657 3010 750 3076 uerba
766 3031 894 3078 eorum:
917 3011 1026 3078 nonin
1041 3012 1118 3079 fines
1134 3016 1240 3078 tumen
1254 3012 1372 3092 mundi,
1388 3030 1457 3077 non

253 3117 304 3195 „iu
319 3118 396 3184 finos
413 3120 499 3200 cosli,
516 3140 578 3186 non
597 3124 680 3187 ultra
695 3125 808 3190 ooelos.
832 3124 876 3189 At
891 3144 963 3190 voro
978 3125 1011 3189 in
1026 3125 1160 3190 Domino
1173 3124 1252 3191 Jesu
1263 3124 1368 3190 omnia
1379 3141 1459 3189 oon·

252 3227 336 3305 „dita
358 3231 485 3295 suntin
508 3234 600 3298 coelis
625 3237 656 3298 et
678 3234 710 3298 iu
733 3237 824 3314 torro,
848 3235 983 3300 visibilia
1006 3238 1038 3300 et
1058 3235 1227 3300 invisibilia
1252 3238 1284 3300 at
1305 3235 1372 3318 ipse
1405 3239 1459 3301 ost

253 3344 342 3418 „ants
365 3360 471 3408 omnes
486 3344 634 3409 otomnia
655 3346 687 3410 in
708 3346 776 3428 ipso
802 3349 956 3411 constant.
985 3347 1114 3413 Gustum
1136 3347 1249 3429 aspios,
1271 3346 1365 3413 Jesus
1388 3346 1457 3412 illio

252 3456 335 3530 „sst3
361 3456 475 3519 terram
497 3454 626 3534 intuere,
649 3457 744 3522 lesus
766 3457 864 3523 adast.
889 3456 1031 3523 Ascendo
1054 3456 1150 3522 uerbo
1173 3456 1206 3520 in
1229 3458 1360 3537 coslum,
1383 3458 1460 3523 dss-

253 3565 367 3640 „osnda
389 3565 483 3631 vorbo
505 3564 538 3629 in
559 3565 715 3631 infernum
737 3566 832 3633 Josus
865 3567 962 3633 adest.
1009 3568 1133 3632 Etonim
1165 3567 1192 3632 si
1214 3568 1389 3633 ascenderis
1421 3569 1458 3634 iu

253 3677 402 3755 „coslum
425 3675 448 3741 J
450 3696 521 3742 osus
543 3678 607 3742 illio
630 3679 727 3759 adast,
752 3679 780 3743 si
802 3680 996 3746 descenderis
1008 3681 1041 3744 iu
1051 3678 1208 3744 intumum
1230 3679 1330 3745 adast.
1352 3679 1459 3746 Hodie

254 3803 346 3862 „oum
357 3787 468 3870 loquor
483 3805 607 3852 manum
632 3793 689 3870 ost,
713 3790 797 3856 intra
819 3790 936 3874 hoa12)
958 3792 1112 3876 punctum
1133 3788 1216 3853 intra
1237 3789 1298 3854 hoo
1318 3809 1463 3856 momon-

254 3898 350 3976 „tum‚
377 3900 408 3962 ot
431 3899 457 3962 si
480 3899 673 3966 inarmonia
695 3921 776 3968 nuno
798 3904 945 3987 loquatur
968 3897 1219 3984 Christianus‚¹³)
1240 3901 1335 3968 Jssus
1359 3903 1460 3968 adest.

255 4015 349 4022 ,-...-
355 4017 368 4021 .-

353 4055 373 4125 ¹)
394 4061 477 4114 Math.
498 4061 542 4116 22.
561 4063 606 4118 32.
627 4095 659 4106 -
683 4063 702 4134 π)
722 4067 763 4120 od.
785 4068 952 4123 olauduntur.
975 4097 1009 4108 -
1030 4065 1051 4138 8)
1071 4068 1112 4121 ad.
1134 4068 1198 4121 looo.
1214 4096 1247 4105 -
1270 4064 1292 4134 ⁴)
1311 4068 1352 4123 ed.
1372 4069 1461 4122 reolu-

251 4157 356 4212 duntur.
382 4187 415 4196 -
443 4156 462 4226 ³)
482 4161 515 4213 od
543 4177 629 4228 pones,
649 4164 759 4230 injicias.
788 4193 819 4206 -
847 4164 869 4236 ⁶)
887 4183 958 4234 apos.
980 4167 1022 4222 14.
1045 4169 1070 4223 4.
1099 4194 1132 4206 -
1161 4163 1182 4236 ')
1201 4167 1242 4219 od.
1263 4171 1314 4219 toto
1334 4172 1462 4234 vagantur

251 4255 369 4311 inorbo.
396 4282 428 4294 -—
456 4253 476 4324 8)
496 4258 538 4312 ad.
559 4261 620 4311 sint.
650 4291 680 4300 -
708 4259 728 4330 9)
748 4264 811 4320 odit.
831 4281 900 4320 area.
924 4295 954 4304 --
987 4264 1017 4334 ¹⁰)
1035 4266 1061 4321 S.
1081 4264 1173 4324 Ambr.
1194 4266 1262 4322 Gom.
1282 4269 1309 4320 in
1327 4267 1391 4322 Luo.
1411 4267 1462 4321 lib.

251 4349 274 4407 Ι,
294 4357 352 4408 tom.
372 4351 423 4407 Ill.
443 4370 470 4422 p.
489 4355 534 4413 20.
559 4358 608 4414 Ed.
635 4360 720 4420 Paris.
742 4361 822 4419 1603.
851 4393 885 4404 -
915 4361 947 4433 ¹¹)
966 4365 1008 4420 od.
1029 4367 1106 4419 anim.
1134 4392 1164 4404 -
1196 4361 1230 4434 Η)
1250 4367 1305 4420 ood.
1326 4365 1405 4420 huno.
1426 4393 1460 4404 -

256 4448 288 4524 ¹⁸)
307 4456 348 4511 od.
368 4456 523 4510 christianis.
