3168 5214
1283 397 1344 464 347

137 588 255 637 norum
287 572 441 639 concessit
473 572 541 654 tibi,
576 573 658 657 quod
687 572 758 656 quia
781 573 859 638 duas
892 574 1015 657 aliquae
1033 589 1082 637 res
1106 571 1196 637 nnius
1219 573 1348 637 naturae

139 683 217 747 sunt
238 700 268 748 v.
290 701 337 766 gr.
371 682 432 749 duo
465 683 617 763 homiues,
641 685 749 751 statim
770 686 944 752 necessario
968 685 1124 768 consequi,
1147 685 1178 748 id
1201 683 1284 766 quod
1307 684 1345 748 de

138 810 203 857 una
236 794 378 879 ipsarum
410 795 550 876 procedit
572 815 607 860 er
629 796 690 860 alia
712 797 885 879 procedere,
906 815 977 862 cum
1000 796 1178 881 frequenter
1199 815 1260 862 uno
1284 815 1349 860 ser·

139 922 267 970 monem
288 904 464 988 proferente
486 907 566 972 alius
589 910 700 987 taceat,
723 926 784 971 uno
809 908 954 991 spiritum
970 906 1145 972 attrahente
1160 907 1239 972 alius
1255 907 1346 972 emit-

138 1017 198 1096 tat,
221 1016 276 1081 sed
298 1035 336 1081 ne
358 1017 440 1082 idem
463 1036 584 1101 quoque
606 1017 699 1083 flatus
723 1019 926 1103 corporaliter
948 1017 988 1082 ab
1011 1023 1143 1102 utroque
1164 1018 1342 1103 procedat?

138 1125 230 1192 Unde
252 1145 326 1210 ergo
349 1128 407 1193 tibi
424 1129 487 1195 tale
508 1133 738 1213 argumentum,
763 1132 799 1195 ut
821 1130 893 1213 quia
908 1131 999 1196 unius
1016 1134 1145 1196 naturae
1161 1132 1235 1194 sunt
1250 1129 1346 1194 Pater·

139 1239 174 1302 et
195 1236 293 1302 Filius
326 1237 395 1304 ideo
429 1239 582 1325 Spiritum
615 1245 768 1321 sanctum,
803 1243 857 1325 qui
889 1241 1025 1306 aPatre
1058 1241 1202 1326 procedit
1224 1258 1242 1304 a
1263 1240 1344 1304 Pilio

140 1347 341 1432 procederet
367 1348 450 1415 Nam
472 1352 555 1433 quod
576 1351 691 1417 alicubi
712 1352 794 1418 fallit
816 1353 932 1436 ubique
954 1351 1178 1437 repudiandum
1196 1355 1253 1420 est.
1276 1351 1349 1416 Non

141 1476 296 1543 negamus
319 1465 428 1526 autem
450 1463 605 1529 unitatem
636 1468 765 1529 naturae
788 1464 819 1528 iu
843 1465 936 1530 Patre
959 1468 989 1529 et
1011 1464 1090 1530 Filio
1114 1464 1231 1530 adhoc
1253 1464 1348 1548 proii-

141 1590 221 1653 cere,
255 1578 291 1639 ut
327 1573 474 1659 Spiritus,
510 1577 562 1661 qui
585 1594 603 1642 a
627 1577 724 1642 Patre
745 1577 894 1660 procedit,
933 1577 1027 1641 etiam
1047 1593 1065 1640 a
1088 1575 1166 1641 Filio
1189 1576 1349 1660 procedat,

141 1684 198 1750 sed
220 1704 282 1751 non
304 1687 372 1752 sola
404 1686 473 1770 ipsa
505 1687 599 1772 hujus
623 1687 667 1752 rei
689 1688 737 1754 vel
760 1688 938 1772 principalis
972 1705 1066 1753 causa
1099 1691 1156 1767 est,
1193 1687 1349 1770 siquidem

140 1797 301 1863 relationis
324 1798 383 1879 vis,
414 1815 492 1882 quae
514 1799 594 1864 inter
615 1799 743 1864 Patrem
765 1803 796 1864 et
818 1798 933 1864 Filium
955 1802 987 1864 et
1008 1799 1171 1864 amborum
1197 1797 1349 1882 Spiritum

140 1908 245 1974 estin
266 1909 326 1974 hoc
347 1908 451 1993 ipsum
473 1910 607 1994 amplius
631 1909 716 1976 facit.
753 1911 812 1976 Est
833 1914 942 1975 autem
962 1910 1070 1976 relatio
1092 1909 1195 1975 Patris
1219 1912 1250 1974 ot
1273 1907 1348 1972 Filii

140 2019 182 2084 ad
203 2019 368 2086 amborum
392 2019 545 2108 Spiritum
568 2026 729 2106 tamquam
752 2021 870 2088 datoris
893 2022 933 2087 ad
949 2023 1074 2102 donum,
1098 2021 1291 2086 mittentium
1307 2020 1347 2084 ad

140 2132 283 2212 missum,
307 2135 338 2197 et
359 2133 386 2198 si
409 2132 469 2198 dici
492 2134 635 2199 convenit
657 2134 844 2219 spirantium
866 2132 908 2199 ad
931 2135 1164 2218 spiramentum.
1205 2131 1295 2216 Quod
1318 2130 1345 2196 si

139 2242 300 2309 identitati
321 2247 451 2310 naturae
473 2247 504 2311 et
525 2263 588 2311 non
610 2264 812 2330 personarum
830 2265 867 2312 ac
882 2247 1041 2312 relationis
1059 2247 1250 2313 differentiae
1271 2265 1345 2330 pro·

141 2354 240 2421 cessio
272 2354 399 2439 spiritus
423 2357 660 2438 adscriberetur,
694 2360 756 2424 tale
778 2360 887 2443 utique
910 2363 1090 2443 sequoretur
1118 2357 1345 2438 inconveniens,

142 2470 177 2533 ut
199 2466 279 2532 duae
300 2485 461 2553 personae,
497 2470 570 2535 iiiiii
592 2471 712 2537 scilicet
733 2488 769 2536 ac
793 2471 926 2555 Spiritus
950 2470 1058 2551 sancti,
1082 2470 1220 2536 vicissim
1243 2487 1279 2534 en
1300 2469 1347 2533 al·

140 2576 268 2644 terutris
292 2582 405 2659 essent,
440 2581 521 2646 sicut
554 2581 586 2647 in
608 2582 878 2666 argumentatione
901 2581 1012 2648 Graeci
1046 2600 1081 2646 err
1115 2581 1194 2646 laiso
1229 2579 1356 2658 falsum,

139 2689 267 2757 illatum
296 2688 384 2773 esa1)
425 2694 515 2777 Quod
536 2693 569 2757 in
591 2693 739 2777 subjectis
768 2713 890 2778 quoque
905 2693 1095 2759 naturalium
1109 2691 1228 2775 patebit
1243 2710 1345 2756 errem-

138 2801 209 2884 plis,
228 2820 257 2867 ι.
280 2821 328 2886 gr.
350 2802 442 2870 arbor
463 2803 591 2887 ejusque
613 2822 728 2884 ramus,
752 2807 779 2870 si
802 2804 949 2889 quoniam
968 2805 1059 2869 unius
1076 2807 1204 2868 naturae
1220 2807 1251 2868 et
1266 2801 1341 2868 sub·

140 2912 275 2980 scantiae
298 2917 380 2995 sunt,
403 2933 530 2982 neccsse
551 2918 609 2996 est,
632 2919 668 2981 ut
690 2915 748 2982 ilos
771 2917 836 2983 sire
852 2916 973 2982 fructus
989 2916 1110 2983 arboris
1126 2934 1162 2983 ac
1179 2918 1217 2982 de
1232 2915 1342 2981 arbore

140 3024 302 3110 egrediens
325 3027 363 3091 de
385 3042 472 3091 ramo
502 3045 623 3110 quoque
644 3025 765 3094 arboris
788 3029 947 3113 procedat,
961 3032 1172 3113 consequetur
1195 3047 1214 3093 a
1238 3026 1341 3105 simili,

139 3139 174 3201 ut
191 3136 264 3219 quia
284 3137 376 3202 unius
399 3140 528 3202 naturae
551 3142 625 3204 sunt
647 3137 740 3204 arbor
763 3144 794 3204 et
817 3138 947 3219 fructus,
985 3145 1019 3205 ut
1041 3158 1147 3205 ramus
1171 3141 1209 3205 de
1231 3137 1341 3204 arbore

138 3248 310 3332 procedens
343 3248 381 3313 de
413 3248 518 3314 fructu
552 3269 673 3334 quoque
695 3250 815 3316 arboris
836 3252 991 3334 procedat.
1036 3251 1119 3316 Item
1142 3269 1220 3316 vena
1243 3248 1341 3316 fontis

139 3361 170 3426 et
191 3356 262 3424 fons
285 3358 312 3424 si
335 3359 483 3444 quoniam
516 3361 607 3428 unius
642 3365 771 3428 naturae
793 3366 825 3428 et
847 3361 1042 3428 substantiae
1071 3366 1154 3442 sunt,
1188 3362 1272 3426 rivus
1307 3381 1343 3426 err

138 3488 200 3536 uno
223 3487 354 3535 manans
386 3471 425 3538 de
457 3473 554 3539 altero
578 3493 698 3558 quoque
727 3478 834 3540 manet
855 3492 981 3540 necesse
1003 3477 1060 3555 est,
1095 3475 1301 3556 consequetur
1322 3491 1341 3538 a

139 3581 245 3662 simili,
268 3586 314 3662 ut,
339 3583 410 3667 quia
440 3583 531 3649 unius
554 3587 683 3652 naturae
706 3590 739 3650 et
761 3584 955 3651 substantiae
978 3590 1060 3665 sunt,
1097 3603 1175 3650 vena
1213 3585 1341 3669 ejusque

138 3692 224 3758 rivus
246 3691 317 3759 fons
339 3693 377 3758 de
400 3711 478 3759 vena
500 3695 646 3779 prodiens
669 3696 706 3762 de
728 3698 794 3764 rivo
816 3717 938 3782 quoque
953 3698 1108 3782 procedat.
1132 3696 1221 3763 Unde
1236 3699 1341 3782 palam

139 3807 188 3868 est
208 3802 242 3868 in
263 3802 312 3869 his
334 3805 469 3887 primam
500 3806 733 3891 hypotheticam
756 3830 792 3875 ex
815 3811 975 3877 relationis
1008 3809 1200 3896 proprietate
1232 3811 1339 3896 potius

138 3931 232 3997 quarn
254 3917 440 3981 ornaturae
472 3916 636 3985 identitate
666 3921 807 3986 veritatis
841 3939 915 3988 suae
948 3922 1156 3988 constantiam
1190 3921 1337 3989 obtinere.

137 4023 361 4108 Undecumque
393 4026 477 4092 enim
508 4027 623 4094 falsum
656 4031 806 4114 sequitur,
839 4032 944 4118 ipsum
978 4053 1101 4118 quoque
1134 4031 1250 4099 falsum
1272 4051 1340 4098 esse

139 4138 342 4204 monstratur.
386 4137 443 4203 Est
464 4142 570 4204 autem
592 4159 654 4206 uon
676 4142 846 4228 incongrua
880 4144 1051 4211 similitudo
1085 4146 1123 4210 de
1146 4161 1222 4211 vena
1244 4143 1339 4210 fontis

137 4250 267 4334 ipsoque
289 4244 375 4316 fonto
397 4253 429 4315 et
450 4249 614 4318 amborum
636 4253 702 4319 rivo
725 4255 764 4320 ad
786 4256 914 4321 Patrem
937 4257 1097 4325 etlilium
1120 4260 1151 4322 et
1172 4254 1338 4321 amborum

139 4360 306 4446 Spiritum,
344 4362 426 4445 quod
463 4363 648 4447 psalmistae
685 4385 806 4451 quoque
843 4366 959 4453 probat
995 4368 1028 4435 in
1067 4369 1179 4454 spiritu
1210 4367 1339 4451 loquen.

241 4493 261 4562 ¹)
280 4493 337 4550 cod.
354 4492 449 4547 falsum
468 4494 625 4546 astinetum
645 4499 691 4550 eat.
