3168 5214
552 1537 556 1546 ’
677 1550 788 1618 Gap.
807 1552 838 1605 1.

508 1798 749 1886 ltccapitulatio
789 1793 869 1867 111111
907 1800 1013 1887 primi.

256 1989 314 2066 1n
335 2000 437 2081 primo
460 1992 554 2077 hujus
577 1991 825 2079 investigationis
848 1993 929 2060 libro
949 1994 982 2059 id
1015 1994 1114 2077 primo
1150 1995 1360 2075 quaerendum

154 2126 258 2194 visum
281 2129 338 2207 ost,
361 2129 469 2191 utrum
490 2145 550 2204 111,
571 2123 609 2190 de
633 2142 693 2209 qna
726 2125 887 2208 inquisitio
912 2130 970 2208 est,
1005 2127 1277 2210 investigationem
1311 2127 1361 2204 ad,

154 2239 303 2317 mitteret,
327 2238 410 2323 quod
432 2239 507 2303 dum
529 2237 754 2322 investigatum
776 2241 808 2302 et
829 2238 993 2304 inventum
1016 2242 1072 2317 est,
1087 2239 1206 2304 nnllam
1219 2237 1362 2303 videlicet

155 2349 329 2434 scripturae
351 2349 518 2416 canonicae
540 2349 762 2414 auctoritatem
784 2353 902 2415 certam
926 2371 1018 2434 super
1055 2348 1229 2434 iniqnitatis
1267 2347 1361 2432 hujus

154 2463 174 2526 i.
199 2481 224 2528 1.
244 2459 423 2526 antichristi
445 2461 594 2545 mysterio
617 2462 891 2545 investigationem
914 2462 1083 2540 excludere,
1094 2480 1151 2526 nec
1175 2462 1278 2526 solum
1300 2479 1362 2524 uon

154 2571 389 2652 11111111111111
411 2570 618 2656 ambiguitate
641 2572 747 2658 potius
771 2573 927 2637 dictorum
950 2572 1224 2656 investigationem
1238 2571 1362 2637 easdem

148 2684 319 2768 scripturas
339 2684 506 2767 requirere,
530 2704 566 2749 11
590 2685 672 2768 quod
695 2687 726 2748 et
748 2703 860 2749 nomen
885 2682 1085 2768 Babyloniae,
1100 2685 1138 2749 de
1162 2702 1223 2768 qua
1260 2684 1363 2748 nasci·

146 2798 286 2875 turus‚et
297 2795 461 2878 templum,
474 2794 507 2860 in
520 2814 580 2878 quo
604 2814 759 2872 sessurus,
782 2795 906 2873 dicitur,
931 2794 1135 2861 antichristus
1159 2795 1225 2860 suis
1249 2794 1358 2880 acqui·

147 2904 363 2973 vocationibus
398 2907 663 2990 multiplicitatem
698 2925 848 2971 sensuum
880 2907 1036 2990 inducant,
1075 2910 1129 2973 sed
1165 2910 1197 2971 11
1240 2906 1362 2989 reliqua

144 3019 371 3104 scripturarum
394 3016 488 3084 verba
510 3037 602 3102 snper
625 3019 735 3085 eodem
756 3019 930 3102 iniquitatis
952 3021 1102 3114 mysterio
1136 3021 1284 3104 ambigua
1326 3027 1357 3088 et

146 3128 281 3196 obscura
302 3129 432 3194 existere
464 3133 496 3194 et
529 3129 718 3214 multiplices
755 3130 933 3196 intellectos
968 3133 1143 3214 admittere,
1167 3137 1222 3200 sed
1257 3139 1288 3200 et
1322 3138 1360 3201 de

145 3238 376 3308 abominatione
399 3241 610 3320 desolationis,
623 3243 655 3306 in
679 3259 739 3325 quo
763 3242 880 3325 templo
904 3245 988 3308 stare
1012 3245 1135 3327 habeat,
1160 3247 1213 3313 ubi
1236 3250 1358 3314 dictum

147 3356 204 3433 est,
218 3353 370 3438 quaedam
393 3353 519 3438 perinde
541 3354 720 3438 impietates
743 3357 775 3419 et
797 3352 964 3418 abusiones
987 3360 1095 3422 nostra
1119 3361 1261 3443 tempora
1283 3379 1357 3426 con·

147 3465 304 3550 tingentes
327 3485 423 3550 prope
445 3465 600 3550 hystorico
623 3464 777 3532 scribendi
800 3466 935 3530 modoa
970 3466 1060 3533 nobis
1095 3472 1237 3535 exaratae
1270 3488 1307 3534 su
1316 3472 1360 3548 nt,

148 3594 227 3663 quae
256 3575 384 3661 junctae
417 3576 669 3660 praecedentium
713 3579 891 3660 temporum
937 3579 1028 3644 malis
1071 3583 1103 3644 et
1138 3577 1354 3665 impietatibus

147 3693 274 3755 nostrae
317 3687 551 3773 investigationi
589 3689 677 3772 quasi
712 3689 863 3772 quaedam
897 3690 1010 3775 indago
1049 3690 1120 3769 sint,
1154 3690 1237 3754 11111
1270 3688 1359 3773 cujus

149 3801 254 3870 sinum
276 3800 377 3867 bestia
399 3800 486 3880 haec,
511 3817 589 3884 quae
612 3799 815 3865 antichristus
838 3801 964 3878 dicitur,
988 3801 1117 3886 ejusque
1139 3799 1241 3864 cubile
1275 3800 1362 3865 vide·

146 3919 198 3982 tur
220 3915 451 3999 requirendum,
475 3932 536 3978 non
561 3914 643 3997 quod
676 3913 767 3979 uobis
805 3916 843 3980 de
865 3913 975 3980 bestiis
1010 3910 1163 3995 ejusmodi
1199 3912 1285 3996 loqui
1320 3912 1363 3976 sit

141 4027 325 4114 jocundum,
339 4027 394 4093 scd
416 4027 456 4092 ad
477 4026 536 4092 hoc
559 4025 666 4109 potins
689 4042 730 4090 an
752 4025 833 4090 forte
855 4025 918 4104 illa,
944 4041 1022 4109 quae
1040 4022 1107 4106 janu
1123 4022 1199 4089 olim
1216 4020 1358 4087 diabolus

148 4144 259 4207 contra
281 4139 446 4207 ecclesiam
468 4141 517 4204 est
540 4136 748 4217 machinatus,
784 4155 927 4221 quaeque
960 4137 1031 4221 ipsa
1060 4150 1206 4218 perpessa
1242 4137 1299 4214 est,
1322 4134 1362 4198 ad

146 4253 362 4339 impletionem
385 4250 611 4336 scripturarum
633 4249 671 4314 de
692 4249 741 4315 his
765 4248 960 4333 loquentium
983 4244 1150 4326 sufficiant,
1185 4262 1226 4309 an
1261 4244 1361 4312 adhuc

148 4365 301 4433 deteriora
335 4363 484 4431 1111111
519 4364 622 4450 ipsam
655 4362 883 4449 scripturarum
923 4358 1138 4446 impletionem
1188 4359 1359 4442 exspectari

149 4495 277 4546 necesse
300 4474 354 4544 sit.
