3158 5212
219 367 262 432 24

217 539 325 622 utique
357 535 459 621 majus
492 537 541 602 est
572 537 605 600 in
624 537 709 601 coelo
746 534 906 600 sedentem
928 534 1125 597 contemnere
1153 533 1185 598 et
1206 551 1262 614 pro
1296 531 1437 600 Christo

217 648 437 716 antichristum
452 645 586 728 recipere
603 663 696 730 quam
718 644 814 710 fuerit
826 643 956 711 Judaeis
974 643 1125 708 humilem
1141 646 1172 709 et
1186 643 1267 708 inter
1279 642 1421 708 homines

217 752 430 825 ambulantem
451 755 633 841 reprobasse
654 759 685 824 et
707 754 885 821 Barabbam
906 755 1059 820 latronem
1093 772 1148 819 reu
1182 771 1339 820 caesorem
1361 758 1423 821 616-

218 871 303 956 gissa
331 869 413 936 sicut
435 870 543 953 utique
574 869 749 934 dementius
780 871 864 933 esset
892 867 924 931 in
947 869 1087 930 montem
1116 865 1245 932 meridie
1273 885 1368 951 quam
1389 870 1422 933 in

218 981 354 1064 lapidem
376 984 467 1045 nocte
490 977 653 1044 offendere.

319 1092 394 1156 Tale
415 1109 487 1156 vero
511 1091 713 1156 simulacrum
745 1091 777 1154 in
812 1090 880 1156 loco
904 1092 1011 1154 sancto
1049 1091 1133 1154 stare
1154 1091 1203 1153 est
1225 1089 1421 1154 mendacium

220 1202 391 1268 catholicae
423 1202 547 1267 veritati
580 1204 771 1267 contrarium
804 1222 859 1267 seu
888 1205 1006 1266 sectam
1028 1200 1199 1266 catholicae
1232 1201 1344 1266 unitati
1366 1203 1422 1266 ad·

219 1330 341 1380 versam
379 1331 451 1378 cum
486 1331 541 1376 suo
565 1315 690 1377 auctore
723 1312 827 1377 locum
861 1311 1031 1376 catholicae
1062 1311 1202 1376 veritatis
1221 1314 1270 1377 vel
1292 1313 1421 1377 unitatis

219 1423 292 1490 falsi
313 1422 447 1488 nominis
474 1422 575 1507 specie
598 1422 745 1502 obtinere,
780 1422 935 1505 quomodo
959 1421 988 1486 61
1010 1423 1225 1488 haeresiarcha
1247 1423 1296 1489 uel
1322 1424 1431 1489 schis-¹

213 1535 313 1600 matis
336 1536 445 1599 auctor
467 1534 519 1617 qui
541 1554 575 1599 se
590 1535 708 1617 Papam
727 1535 773 1599 vel
790 1553 896 1618 regem
912 1532 1100 1599 catholicum
1123 1534 1262 1598 nominet
1284 1534 1422 1600 falsitate

219 1646 367 1711 nimirum
378 1664 432 1728 per
447 1645 580 1729 speciem
595 1645 720 1730 pietatis
736 1646 883 1711 colorata.
906 1645 994 1710 'lunc
1016 1645 1075 1723 his,
1099 1645 1151 1728 qui
1172 1645 1337 1711 inludaea
1349 1649 1423 1710 sunt

219 1756 327 1841 fugere
341 1756 374 1820 in
388 1760 510 1822 montes
526 1761 574 1822 est
590 1756 728 1822 ueritatis
740 1755 970 1820 confessoribus
982 1755 1022 1820 ad
1033 1758 1212 1820 sanctorum
1223 1756 1423 1839 antiquorum

219 1869 284 1934 vita
306 1871 337 1933 et
359 1869 499 1933 electrina
521 1867 724 1932 eminentium
747 1867 830 1932 dicta
851 1867 900 1931 rel
920 1865 1057 1950 exempla
1079 1885 1112 1931 se
1130 1866 1308 1947 transferre,
1330 1885 1369 1930 ne
1389 1866 1423 1931 in

220 1978 411 2045 conuallibus
427 1980 508 2043 vitae
524 1998 579 2042 seu
596 1978 753 2043 doctrinae
775 1975 918 2042 animalis
939 1981 1134 2043 remanentes
1157 1976 1245 2061 publi
1267 1979 1295 2043 ci
1310 1978 1422 2043 erroris

219 2090 339 2155 nebulis
361 2090 572 2169 involvantur,
596 2088 703 2171 sicque
724 2088 876 2173 generalis
894 2087 1005 2170 judicii
1026 2088 1203 2154 calamitate
1226 2088 1315 2173 quasi
1337 2105 1423 2155 com-

220 2201 307 2267 muni
329 2201 445 2266 excidio
466 2218 629 2284 perversae
658 2200 792 2265 civitatis
815 2200 1000 2284 dispereant.

320 2312 382 2380 Sed
404 2315 439 2378 tu
462 2313 561 2398 quiris
584 2312 756 2378 manufacti
785 2313 895 2396 templi
917 2315 948 2377 et
969 2311 1141 2377 materialis
1163 2313 1195 2376 in
1218 2329 1253 2378 eo
1276 2311 1423 2378 sessionis

219 2425 394 2492 antichristi
416 2426 465 2491 uel
487 2424 632 2511 imaginis
656 2422 722 2507 ejus
753 2423 785 2487 in
807 2442 842 2487 eo
866 2421 1062 2489 collocandae
1081 2407 1221 2489 assertor
1242 2423 1315 2490 huic
1336 2441 1424 2488 meae

219 2537 429 2604 aestimationi
451 2535 571 2602 resistis
594 2537 625 2599 et
647 2533 742 2598 diois:
787 2535 948 2616 Quomodo
970 2533 1124 2618 templum
1145 2534 1203 2598 Dei
1226 2535 1274 2600 vel
1296 2537 1423 2601 sanctus

220 2650 308 2715 locus
331 2651 415 2714 reete
436 2645 598 2712 vocabitur
610 2645 808 2730 congregatio
824 2645 987 2711 hominnm
1010 2645 1098 2728 quasi
1119 2645 1259 2729 lapidum
1280 2646 1424 2712 vivomm

220 2760 253 2824 in
276 2758 387 2843 quibus
421 2759 508 2822 sedes
532 2760 580 2822 est
602 2763 729 2824 satanae
750 2759 800 2824 vel
822 2758 997 2824 antichristi
1025 2757 1090 2824 sive
1112 2756 1178 2841 ejus
1201 2757 1346 2842 imaginis
1368 2777 1423 2842 per

221 2871 471 2937 communionem
486 2870 535 2934 vel
550 2870 778 2954 susceptionem
800 2869 931 2954 alicujus
955 2868 1238 2935 excommunicatae
1260 2869 1424 2936 haereseos

222 2982 271 3047 vel
293 2981 497 3047 schismatis?
519 2980 570 3045 Ad
585 2982 667 3064 qued
682 2983 804 3066 accipe:
828 2980 916 3047 Sicut
931 2981 1007 3046 olim
1022 2980 1104 3064 apud
1118 2976 1140 3045 J
1142 2980 1257 3046 udaeos
1273 2981 1425 3066 templum

222 3093 281 3158 Dei
303 3092 464 3158 dicebatur
485 3111 553 3157 osse
575 3092 765 3158 mendaciter
780 3093 862 3177 quod
876 3092 959 3156 idem
973 3091 1087 3160 Judaei
1102 3089 1279 3157 affirmante
1294 3093 1424 3158 veritate

223 3203 363 3269 fecerant
399 3203 579 3286 speluncam
609 3203 777 3286 latronum,
812 3205 893 3268 unde
913 3204 1065 3288 propheta
1088 3203 1187 3269 lsaias
1209 3203 1359 3271 inclamat
1380 3206 1424 3272 eis

223 3317 255 3380 in
298 3312 391 3380 uerbo
436 3313 563 3378 Domini
600 3314 724 3394 dicens;
768 3316 895 3380 nolite
939 3316 1155 3381 confidere
1200 3317 1238 3381 in
1282 3315 1423 3382 verbis

223 3425 454 3506 mendacii,
477 3424 663 3492 dicentes
686 3427 896 3512 {templum
928 3429 1104 3511 Domini,
1137 3428 1330 3513 templum
1353 3431 1425 3496 Do·

223 3536 341 3615 mini,
363 3539 555 3622 templum
576 3540 733 3605 Domini
755 3543 815 3607 est
838 3541 971 3628 eto.:¹)
993 3542 1038 3608 ita
1060 3543 1249 3608 mendaciter
1271 3544 1424 3626 templum

223 3647 351 3743 Domini
384 3649 434 3713 rel
456 3650 585 3715 ecclesia
606 3651 665 3715 Dei
697 3652 811 3719 dieitur
832 3653 1031 3739 congregatio
1064 3655 1227 3721 hominum
1260 3654 1420 3719 schismat'

224 3747 274 3826 vel
295 3758 415 3824 haeresi
437 3761 719 3827 excommunicatae
733 3764 1031 3830 communicantium
1053 3784 1125 3831 cum
1146 3766 1179 3829 in
1200 3763 1332 3829 veritato
1354 3761 1438 3848 spe·'

178 3929 180 3936 ,
225 3870 317 3936 lunoa
337 3872 496 3937 latronum
518 3873 569 3940 sit.
607 3875 644 3938 ln
666 3873 715 3938 his
735 3892 808 3959 ergo
831 3876 906 3940 dum
929 3877 1034 3942 sedem
1057 3875 1116 3942 eibi
1137 3876 1221 3942 filius
1243 3875 1424 3959 perditionis

202 3981 357 4049 collocat
378 3983 485 4066 utique
500 3981 689 4049 abominatio
714 3984 911 4052 desolationis
933 3987 966 4051 in
987 3988 1055 4053 loco
1077 3987 1292 4053 nominetenus
1315 3987 1425 4052 sancto

226 4097 308 4160 stare
330 4093 461 4175 ridetur,
496 4113 568 4160 cum
590 4095 632 4161 sit
653 4096 774 4178 talium,
808 4101 844 4162 ut
865 4097 1008 4179 diximus,
1041 4097 1203 4163 hominum
1233 4099 1423 4164 commansio

224 4205 257 4270 in
281 4205 412 4271 veritate
442 4224 503 4271 non
533 4207 685 4291 templum
707 4208 756 4273 vel
778 4208 907 4275 ecclesia
934 4210 992 4275 Dei
1015 4209 1068 4276 sed
1098 4208 1246 4294 spelunea
1267 4208 1424 4274 latronum

330 4472 350 4544 ¹)
368 4474 384 4527 J
391 4489 492 4529 crem.
513 4473 538 4528 7.
558 4473 583 4527 4.
602 4471 660 4542 (non
680 4470 752 4540 lsai).
