<?xml version="1.0" encoding="UTF-8"?>
<!DOCTYPE html PUBLIC "-//W3C//DTD XHTML 1.0 Transitional//EN"
    "http://www.w3.org/TR/xhtml1/DTD/xhtml1-transitional.dtd">
<html xmlns="http://www.w3.org/1999/xhtml" xml:lang="en" lang="en">
 <head>
  <title>
</title>
<meta http-equiv="Content-Type" content="text/html;charset=utf-8" />
  <meta name='ocr-system' content='tesseract 3.04.00' />
  <meta name='ocr-capabilities' content='ocr_page ocr_carea ocr_par ocr_line ocrx_word'/>
</head>
<body>
  <div class='ocr_page' id='page_1' title='image "./operahactenusin00schegoog_0242.png"; bbox 0 0 3168 5190; ppageno 0'>
   <div class='ocr_carea' id='block_1_1' title="bbox 1267 434 1328 502">
    <p class='ocr_par' dir='ltr' id='par_1_1' title="bbox 1267 434 1328 502">
     <span class='ocr_line' id='line_1_1' title="bbox 1267 434 1328 502; baseline 0 -3"><span class='ocrx_word' id='word_1_1' title='bbox 1267 434 1328 502; x_wconf 77' lang='lat'>227</span> 
     </span>
    </p>
   </div>
   <div class='ocr_carea' id='block_1_2' title="bbox 122 597 1331 2362">
    <p class='ocr_par' dir='ltr' id='par_1_2' title="bbox 122 597 1331 2362">
     <span class='ocr_line' id='line_1_2' title="bbox 226 597 1329 686; baseline 0.002 -17"><span class='ocrx_word' id='word_1_2' title='bbox 226 601 360 668; x_wconf 72' lang='lat' dir='ltr'>Tenmro</span> <span class='ocrx_word' id='word_1_3' title='bbox 373 615 510 682; x_wconf 86' lang='lat' dir='ltr'>namque</span> <span class='ocrx_word' id='word_1_4' title='bbox 523 597 626 664; x_wconf 89' lang='lat' dir='ltr'>Deum</span> <span class='ocrx_word' id='word_1_5' title='bbox 648 597 760 667; x_wconf 86' lang='lat' dir='ltr'>luisset</span> <span class='ocrx_word' id='word_1_6' title='bbox 778 601 807 667; x_wconf 88' lang='lat' dir='ltr'>ei</span> <span class='ocrx_word' id='word_1_7' title='bbox 828 620 862 673; x_wconf 88' lang='lat' dir='ltr'>ss</span> <span class='ocrx_word' id='word_1_8' title='bbox 882 605 956 686; x_wconf 88' lang='lat' dir='ltr'>post</span> <span class='ocrx_word' id='word_1_9' title='bbox 974 602 1099 669; x_wconf 65' lang='lat' dir='ltr'>,ruinam</span> <span class='ocrx_word' id='word_1_10' title='bbox 1116 619 1214 670; x_wconf 85' lang='lat' dir='ltr'>ranae</span> <span class='ocrx_word' id='word_1_11' title='bbox 1228 605 1329 672; x_wconf 88' lang='lat' dir='ltr'>laudis</span> 
     </span>
     <span class='ocr_line' id='line_1_3' title="bbox 123 712 1331 801; baseline 0.002 -21"><span class='ocrx_word' id='word_1_12' title='bbox 123 715 267 801; x_wconf 86' lang='lat' dir='ltr'>appetitu</span> <span class='ocrx_word' id='word_1_13' title='bbox 287 712 431 781; x_wconf 83' lang='lat' dir='ltr'>illaesum</span> <span class='ocrx_word' id='word_1_14' title='bbox 453 713 615 780; x_wconf 80' lang='lat' dir='ltr'>ostendere</span> <span class='ocrx_word' id='word_1_15' title='bbox 636 712 797 780; x_wconf 83' lang='lat' dir='ltr'>uoluisset.</span> <span class='ocrx_word' id='word_1_16' title='bbox 828 713 933 781; x_wconf 76' lang='lat' dir='ltr'>Tertio</span> <span class='ocrx_word' id='word_1_17' title='bbox 956 714 1039 780; x_wconf 86' lang='lat' dir='ltr'>vitae</span> <span class='ocrx_word' id='word_1_18' title='bbox 1061 713 1204 780; x_wconf 87' lang='lat' dir='ltr'>coelestis</span> <span class='ocrx_word' id='word_1_19' title='bbox 1225 715 1259 780; x_wconf 93' lang='lat' dir='ltr'>in</span> <span class='ocrx_word' id='word_1_20' title='bbox 1281 735 1331 782; x_wconf 92' lang='lat' dir='ltr'>se·</span> 
     </span>
     <span class='ocr_line' id='line_1_4' title="bbox 122 824 1331 912; baseline 0.002 -22"><span class='ocrx_word' id='word_1_21' title='bbox 122 825 259 910; x_wconf 88' lang='lat' dir='ltr'>metipso</span> <span class='ocrx_word' id='word_1_22' title='bbox 281 824 434 891; x_wconf 81' lang='lat' dir='ltr'><strong>Dominus</strong></span> <span class='ocrx_word' id='word_1_23' title='bbox 456 826 489 892; x_wconf 91' lang='lat' dir='ltr'>et</span> <span class='ocrx_word' id='word_1_24' title='bbox 510 826 656 890; x_wconf 88' lang='lat' dir='ltr'>naturam</span> <span class='ocrx_word' id='word_1_25' title='bbox 684 842 868 892; x_wconf 85' lang='lat' dir='ltr'>conservans</span> <span class='ocrx_word' id='word_1_26' title='bbox 892 828 925 891; x_wconf 92' lang='lat' dir='ltr'>et</span> <span class='ocrx_word' id='word_1_27' title='bbox 947 825 1087 910; x_wconf 85' lang='lat' dir='ltr'>gratiam</span> <span class='ocrx_word' id='word_1_28' title='bbox 1110 827 1149 891; x_wconf 89' lang='lat' dir='ltr'>ad</span> <span class='ocrx_word' id='word_1_29' title='bbox 1172 826 1331 912; x_wconf 84' lang='lat' dir='ltr'>suggesti·</span> 
     </span>
     <span class='ocr_line' id='line_1_5' title="bbox 124 934 1330 1022; baseline 0 -18"><span class='ocrx_word' id='word_1_30' title='bbox 124 955 217 1004; x_wconf 90' lang='lat' dir='ltr'>onem</span> <span class='ocrx_word' id='word_1_31' title='bbox 239 934 355 1002; x_wconf 87' lang='lat' dir='ltr'>diaboli</span> <span class='ocrx_word' id='word_1_32' title='bbox 388 936 517 1001; x_wconf 85' lang='lat' dir='ltr'>adorato</span> <span class='ocrx_word' id='word_1_33' title='bbox 548 953 585 1002; x_wconf 92' lang='lat' dir='ltr'>ec</span> <span class='ocrx_word' id='word_1_34' title='bbox 607 934 724 1002; x_wconf 84' lang='lat' dir='ltr'>divitiis</span> <span class='ocrx_word' id='word_1_35' title='bbox 747 935 892 1022; x_wconf 87' lang='lat' dir='ltr'>ampliari</span> <span class='ocrx_word' id='word_1_36' title='bbox 924 937 1025 1003; x_wconf 88' lang='lat' dir='ltr'>noluit</span> <span class='ocrx_word' id='word_1_37' title='bbox 1057 937 1157 1004; x_wconf 89' lang='lat' dir='ltr'>sciens</span> <span class='ocrx_word' id='word_1_38' title='bbox 1180 937 1330 1004; x_wconf 88' lang='lat' dir='ltr'>nimirum</span> 
     </span>
     <span class='ocr_line' id='line_1_6' title="bbox 123 1045 1331 1133; baseline 0 -19"><span class='ocrx_word' id='word_1_39' title='bbox 123 1066 244 1132; x_wconf 89' lang='lat' dir='ltr'>nosque</span> <span class='ocrx_word' id='word_1_40' title='bbox 266 1065 322 1113; x_wconf 89' lang='lat' dir='ltr'>suo</span> <span class='ocrx_word' id='word_1_41' title='bbox 345 1047 484 1132; x_wconf 82' lang='lat' dir='ltr'>exemplo</span> <span class='ocrx_word' id='word_1_42' title='bbox 507 1046 681 1128; x_wconf 86' lang='lat' dir='ltr'>instruens,</span> <span class='ocrx_word' id='word_1_43' title='bbox 705 1047 851 1133; x_wconf 91' lang='lat' dir='ltr'>quoniam</span> <span class='ocrx_word' id='word_1_44' title='bbox 870 1065 933 1113; x_wconf 91' lang='lat' dir='ltr'>non</span> <span class='ocrx_word' id='word_1_45' title='bbox 953 1047 986 1112; x_wconf 88' lang='lat' dir='ltr'>in</span> <span class='ocrx_word' id='word_1_46' title='bbox 1006 1045 1197 1114; x_wconf 87' lang='lat' dir='ltr'>abnndantia</span> <span class='ocrx_word' id='word_1_47' title='bbox 1219 1048 1331 1114; x_wconf 89' lang='lat' dir='ltr'>nnius-</span> 
     </span>
     <span class='ocr_line' id='line_1_7' title="bbox 125 1157 1330 1243; baseline -0.001 -19"><span class='ocrx_word' id='word_1_48' title='bbox 125 1157 277 1243; x_wconf 86' lang='lat' dir='ltr'>cnjusque</span> <span class='ocrx_word' id='word_1_49' title='bbox 299 1157 364 1223; x_wconf 86' lang='lat' dir='ltr'>vita</span> <span class='ocrx_word' id='word_1_50' title='bbox 380 1157 515 1225; x_wconf 86' lang='lat' dir='ltr'>hominio</span> <span class='ocrx_word' id='word_1_51' title='bbox 535 1161 768 1243; x_wconf 80' lang='lat' dir='ltr'>superterram</span> <span class='ocrx_word' id='word_1_52' title='bbox 792 1158 1053 1243; x_wconf 80' lang='lat' dir='ltr'>quemadmodum</span> <span class='ocrx_word' id='word_1_53' title='bbox 1078 1158 1265 1226; x_wconf 87' lang='lat' dir='ltr'>aestimabat</span> <span class='ocrx_word' id='word_1_54' title='bbox 1278 1159 1330 1224; x_wconf 91' lang='lat' dir='ltr'>ille</span> 
     </span>
     <span class='ocr_line' id='line_1_8' title="bbox 125 1267 1331 1356; baseline 0 -20"><span class='ocrx_word' id='word_1_55' title='bbox 125 1269 212 1336; x_wconf 83' lang='lat' dir='ltr'>diues</span> <span class='ocrx_word' id='word_1_56' title='bbox 227 1269 282 1353; x_wconf 89' lang='lat' dir='ltr'>qni</span> <span class='ocrx_word' id='word_1_57' title='bbox 297 1287 404 1336; x_wconf 90' lang='lat' dir='ltr'>secum</span> <span class='ocrx_word' id='word_1_58' title='bbox 419 1269 598 1356; x_wconf 85' lang='lat' dir='ltr'>colloquem</span> <span class='ocrx_word' id='word_1_59' title='bbox 614 1271 673 1338; x_wconf 85' lang='lat' dir='ltr'>ait:</span> <span class='ocrx_word' id='word_1_60' title='bbox 695 1271 843 1338; x_wconf 84' lang='lat' dir='ltr'>Anima</span> <span class='ocrx_word' id='word_1_61' title='bbox 865 1267 984 1338; x_wconf 85' lang='lat' dir='ltr'>habeo</span> <span class='ocrx_word' id='word_1_62' title='bbox 1007 1272 1135 1338; x_wconf 89' lang='lat' dir='ltr'>multa</span> <span class='ocrx_word' id='word_1_63' title='bbox 1156 1271 1250 1337; x_wconf 90' lang='lat' dir='ltr'>bona</span> <span class='ocrx_word' id='word_1_64' title='bbox 1271 1289 1331 1336; x_wconf 92' lang='lat' dir='ltr'>re·</span> 
     </span>
     <span class='ocr_line' id='line_1_9' title="bbox 125 1381 1331 1468; baseline 0.002 -20"><span class='ocrx_word' id='word_1_65' title='bbox 125 1381 261 1466; x_wconf 87' lang='lat' dir='ltr'>posita</span> <span class='ocrx_word' id='word_1_66' title='bbox 294 1381 334 1448; x_wconf 89' lang='lat' dir='ltr'>in</span> <span class='ocrx_word' id='word_1_67' title='bbox 354 1398 474 1448; x_wconf 91' lang='lat' dir='ltr'>annos</span> <span class='ocrx_word' id='word_1_68' title='bbox 507 1382 701 1467; x_wconf 85' lang='lat' dir='ltr'>plurimos</span> <span class='ocrx_word' id='word_1_69' title='bbox 735 1383 909 1463; x_wconf 86' lang='lat' dir='ltr'>comede,</span> <span class='ocrx_word' id='word_1_70' title='bbox 943 1381 1030 1450; x_wconf 91' lang='lat' dir='ltr'>bibe</span> <span class='ocrx_word' id='word_1_71' title='bbox 1052 1386 1091 1449; x_wconf 90' lang='lat' dir='ltr'>et</span> <span class='ocrx_word' id='word_1_72' title='bbox 1113 1384 1291 1468; x_wconf 86' lang='lat' dir='ltr'>epulare.</span> <span class='ocrx_word' id='word_1_73' title='bbox 1308 1385 1331 1466; x_wconf 58' lang='grc'>1)</span> 
     </span>
     <span class='ocr_line' id='line_1_10' title="bbox 125 1491 1331 1580; baseline 0.001 -21"><span class='ocrx_word' id='word_1_74' title='bbox 125 1491 260 1577; x_wconf 79' lang='lat' dir='ltr'>Spemne</span> <span class='ocrx_word' id='word_1_75' title='bbox 274 1510 409 1577; x_wconf 87' lang='lat' dir='ltr'>namque</span> <span class='ocrx_word' id='word_1_76' title='bbox 422 1492 456 1559; x_wconf 92' lang='lat' dir='ltr'>in</span> <span class='ocrx_word' id='word_1_77' title='bbox 469 1492 587 1561; x_wconf 88' lang='lat' dir='ltr'>incerto</span> <span class='ocrx_word' id='word_1_78' title='bbox 603 1494 783 1562; x_wconf 84' lang='lat' dir='ltr'>diuitiarum</span> <span class='ocrx_word' id='word_1_79' title='bbox 797 1513 895 1561; x_wconf 89' lang='lat' dir='ltr'>annos</span> <span class='ocrx_word' id='word_1_80' title='bbox 910 1492 970 1560; x_wconf 87' lang='lat' dir='ltr'>eibi</span> <span class='ocrx_word' id='word_1_81' title='bbox 985 1493 1137 1580; x_wconf 89' lang='lat' dir='ltr'>plmimos</span> <span class='ocrx_word' id='word_1_82' title='bbox 1147 1494 1237 1579; x_wconf 86' lang='lat' dir='ltr'>juxta</span> <span class='ocrx_word' id='word_1_83' title='bbox 1253 1495 1331 1560; x_wconf 82' lang='lat' dir='ltr'>diui·-</span> 
     </span>
     <span class='ocr_line' id='line_1_11' title="bbox 123 1603 1331 1693; baseline 0.005 -24"><span class='ocrx_word' id='word_1_84' title='bbox 123 1603 242 1670; x_wconf 86' lang='lat' dir='ltr'>tiarnm</span> <span class='ocrx_word' id='word_1_85' title='bbox 263 1603 473 1689; x_wconf 74' lang='lat' dir='ltr'>quantitatem</span> <span class='ocrx_word' id='word_1_86' title='bbox 486 1604 697 1690; x_wconf 88' lang='lat' dir='ltr'>promittebat.</span> <span class='ocrx_word' id='word_1_87' title='bbox 720 1606 874 1673; x_wconf 87' lang='lat' dir='ltr'>Dominus</span> <span class='ocrx_word' id='word_1_88' title='bbox 897 1623 970 1671; x_wconf 87' lang='lat' dir='ltr'>voro</span> <span class='ocrx_word' id='word_1_89' title='bbox 993 1622 1056 1671; x_wconf 93' lang='lat' dir='ltr'>non</span> <span class='ocrx_word' id='word_1_90' title='bbox 1069 1605 1115 1670; x_wconf 89' lang='lat' dir='ltr'>ita</span> <span class='ocrx_word' id='word_1_91' title='bbox 1130 1607 1331 1693; x_wconf 84' lang='lat' dir='ltr'>sed-pauper·</span> 
     </span>
     <span class='ocr_line' id='line_1_12' title="bbox 124 1714 1329 1801; baseline 0.005 -20"><span class='ocrx_word' id='word_1_92' title='bbox 124 1714 202 1782; x_wconf 87' lang='lat' dir='ltr'>tatis</span> <span class='ocrx_word' id='word_1_93' title='bbox 230 1734 305 1782; x_wconf 89' lang='lat' dir='ltr'>suae</span> <span class='ocrx_word' id='word_1_94' title='bbox 327 1718 433 1784; x_wconf 87' lang='lat' dir='ltr'>custos</span> <span class='ocrx_word' id='word_1_95' title='bbox 456 1715 541 1783; x_wconf 89' lang='lat' dir='ltr'>omni</span> <span class='ocrx_word' id='word_1_96' title='bbox 557 1715 626 1801; x_wconf 90' lang='lat' dir='ltr'>jam</span> <span class='ocrx_word' id='word_1_97' title='bbox 647 1718 793 1801; x_wconf 89' lang='lat' dir='ltr'>superata</span> <span class='ocrx_word' id='word_1_98' title='bbox 824 1715 997 1782; x_wconf 87' lang='lat' dir='ltr'>tentatione</span> <span class='ocrx_word' id='word_1_99' title='bbox 1019 1715 1183 1784; x_wconf 82' lang='lat' dir='ltr'>victoriose</span> <span class='ocrx_word' id='word_1_100' title='bbox 1207 1716 1329 1787; x_wconf 89' lang='lat' dir='ltr'>diabolo</span> 
     </span>
     <span class='ocr_line' id='line_1_13' title="bbox 125 1825 1331 1916; baseline 0.002 -22"><span class='ocrx_word' id='word_1_101' title='bbox 125 1829 307 1914; x_wconf 84' lang='lat' dir='ltr'>suggerenti</span> <span class='ocrx_word' id='word_1_102' title='bbox 328 1829 490 1916; x_wconf 80' lang='lat' dir='ltr'>respondit</span> <span class='ocrx_word' id='word_1_103' title='bbox 511 1827 630 1895; x_wconf 83' lang='lat' dir='ltr'>dicens:</span> <span class='ocrx_word' id='word_1_104' title='bbox 674 1826 781 1894; x_wconf 88' lang='lat' dir='ltr'>Vade</span> <span class='ocrx_word' id='word_1_105' title='bbox 814 1829 994 1894; x_wconf 87' lang='lat' dir='ltr'>satanae.</span> <span class='ocrx_word' id='word_1_106' title='bbox 1032 1825 1238 1913; x_wconf 81' lang='lat' dir='ltr'>Scriptum</span> <span class='ocrx_word' id='word_1_107' title='bbox 1270 1834 1331 1896; x_wconf 88' lang='lat' dir='ltr'>est</span> 
     </span>
     <span class='ocr_line' id='line_1_14' title="bbox 126 1938 1330 2009; baseline 0.002 -3"><span class='ocrx_word' id='word_1_108' title='bbox 126 1938 246 2008; x_wconf 86' lang='lat' dir='ltr'>enim:</span> <span class='ocrx_word' id='word_1_109' title='bbox 274 1941 483 2007; x_wconf 90' lang='lat' dir='ltr'>Dominum</span> <span class='ocrx_word' id='word_1_110' title='bbox 504 1940 629 2007; x_wconf 84' lang='lat' dir='ltr'>Deum</span> <span class='ocrx_word' id='word_1_111' title='bbox 657 1942 769 2006; x_wconf 92' lang='lat' dir='ltr'>tuum</span> <span class='ocrx_word' id='word_1_112' title='bbox 790 1938 969 2006; x_wconf 77' lang='lat' dir='ltr'>adorabis</span> <span class='ocrx_word' id='word_1_113' title='bbox 992 1942 1031 2006; x_wconf 87' lang='lat' dir='ltr'>et</span> <span class='ocrx_word' id='word_1_114' title='bbox 1051 1939 1120 2009; x_wconf 88' lang='lat' dir='ltr'>illi</span> <span class='ocrx_word' id='word_1_115' title='bbox 1142 1942 1222 2008; x_wconf 89' lang='lat' dir='ltr'>eoli</span> <span class='ocrx_word' id='word_1_116' title='bbox 1245 1955 1330 2008; x_wconf 83' lang='lat' dir='ltr'>aar·</span> 
     </span>
     <span class='ocr_line' id='line_1_15' title="bbox 125 2049 1330 2136; baseline -0.002 -17"><span class='ocrx_word' id='word_1_117' title='bbox 125 2053 248 2135; x_wconf 64' lang='lat' dir='ltr'>vissa)</span> <span class='ocrx_word' id='word_1_118' title='bbox 269 2050 429 2118; x_wconf 85' lang='lat' dir='ltr'>Nimirum</span> <span class='ocrx_word' id='word_1_119' title='bbox 443 2051 502 2118; x_wconf 90' lang='lat' dir='ltr'>hoc</span> <span class='ocrx_word' id='word_1_120' title='bbox 518 2051 586 2136; x_wconf 89' lang='lat' dir='ltr'>ipso</span> <span class='ocrx_word' id='word_1_121' title='bbox 603 2049 697 2118; x_wconf 80' lang='lat' dir='ltr'>uerbo</span> <span class='ocrx_word' id='word_1_122' title='bbox 713 2050 840 2117; x_wconf 88' lang='lat' dir='ltr'>illomm</span> <span class='ocrx_word' id='word_1_123' title='bbox 863 2069 989 2118; x_wconf 85' lang='lat' dir='ltr'>coccam</span> <span class='ocrx_word' id='word_1_124' title='bbox 1011 2069 1143 2136; x_wconf 83' lang='lat' dir='ltr'>anguem</span> <span class='ocrx_word' id='word_1_125' title='bbox 1167 2052 1330 2117; x_wconf 83' lang='lat' dir='ltr'>avaritiam</span> 
     </span>
     <span class='ocr_line' id='line_1_16' title="bbox 126 2161 1331 2249; baseline -0.003 -17"><span class='ocrx_word' id='word_1_126' title='bbox 126 2181 257 2249; x_wconf 88' lang='lat' dir='ltr'>eamque</span> <span class='ocrx_word' id='word_1_127' title='bbox 272 2163 434 2232; x_wconf 83' lang='lat' dir='ltr'>idolatriae</span> <span class='ocrx_word' id='word_1_128' title='bbox 451 2180 646 2248; x_wconf 84' lang='lat' dir='ltr'>comparans,</span> <span class='ocrx_word' id='word_1_129' title='bbox 664 2163 716 2247; x_wconf 90' lang='lat' dir='ltr'>qui</span> <span class='ocrx_word' id='word_1_130' title='bbox 731 2165 837 2248; x_wconf 86' lang='lat' dir='ltr'>spreto</span> <span class='ocrx_word' id='word_1_131' title='bbox 852 2181 915 2229; x_wconf 92' lang='lat' dir='ltr'>uno</span> <span class='ocrx_word' id='word_1_132' title='bbox 931 2180 967 2230; x_wconf 88' lang='lat' dir='ltr'>aa</span> <span class='ocrx_word' id='word_1_133' title='bbox 981 2180 1054 2229; x_wconf 86' lang='lat' dir='ltr'>vero</span> <span class='ocrx_word' id='word_1_134' title='bbox 1066 2162 1200 2229; x_wconf 90' lang='lat' dir='ltr'>Domino</span> <span class='ocrx_word' id='word_1_135' title='bbox 1216 2161 1331 2228; x_wconf 74' lang='lat' dir='ltr'>maboli</span> 
     </span>
     <span class='ocr_line' id='line_1_17' title="bbox 125 2274 1329 2362; baseline -0.005 -19"><span class='ocrx_word' id='word_1_136' title='bbox 125 2276 157 2343; x_wconf 91' lang='lat' dir='ltr'>in</span> <span class='ocrx_word' id='word_1_137' title='bbox 180 2277 272 2343; x_wconf 88' lang='lat' dir='ltr'>malis</span> <span class='ocrx_word' id='word_1_138' title='bbox 294 2274 487 2362; x_wconf 88' lang='lat' dir='ltr'>principibus</span> <span class='ocrx_word' id='word_1_139' title='bbox 517 2293 576 2360; x_wconf 92' lang='lat' dir='ltr'>pro</span> <span class='ocrx_word' id='word_1_140' title='bbox 599 2274 784 2359; x_wconf 77' lang='lat' dir='ltr'>ampliandis</span> <span class='ocrx_word' id='word_1_141' title='bbox 814 2274 931 2341; x_wconf 83' lang='lat' dir='ltr'>divitiis</span> <span class='ocrx_word' id='word_1_142' title='bbox 962 2275 1122 2342; x_wconf 81' lang='lat' dir='ltr'>clientelae</span> <span class='ocrx_word' id='word_1_143' title='bbox 1144 2274 1329 2341; x_wconf 88' lang='lat' dir='ltr'>deserviunt.</span> 
     </span>
    </p>
   </div>
   <div class='ocr_carea' id='block_1_3' title="bbox 594 2659 843 2728">
    <p class='ocr_par' dir='ltr' id='par_1_3' title="bbox 594 2659 843 2728">
     <span class='ocr_line' id='line_1_18' title="bbox 594 2659 843 2728; baseline -0.012 -11"><span class='ocrx_word' id='word_1_144' title='bbox 594 2661 704 2728; x_wconf 80' lang='lat' dir='ltr'>cap.</span> <span class='ocrx_word' id='word_1_145' title='bbox 724 2659 843 2714; x_wconf 85' lang='lat' dir='ltr'>XIX.</span> 
     </span>
    </p>
   </div>
   <div class='ocr_carea' id='block_1_4' title="bbox 126 2732 1329 2987">
    <p class='ocr_par' dir='ltr' id='par_1_4' title="bbox 126 2732 1329 2987">
     <span class='ocr_line' id='line_1_19' title="bbox 126 2732 1329 2871; baseline 0 -17"><span class='ocrx_word' id='word_1_146' title='bbox 126 2785 206 2855; x_wconf 74' lang='lat' dir='ltr'>ures</span> <span class='ocrx_word' id='word_1_147' title='bbox 235 2732 295 2853; x_wconf 67' lang='lat' dir='ltr'>nas</span> <span class='ocrx_word' id='word_1_148' title='bbox 324 2785 463 2854; x_wconf 71' lang='lat' dir='ltr'>vacuus</span> <span class='ocrx_word' id='word_1_149' title='bbox 496 2785 531 2853; x_wconf 81' lang='lat' dir='ltr'>m</span> <span class='ocrx_word' id='word_1_150' title='bbox 566 2785 693 2853; x_wconf 77' lang='lat' dir='ltr'>omisa</span> <span class='ocrx_word' id='word_1_151' title='bbox 727 2782 873 2852; x_wconf 73' lang='lat' dir='ltr'>narolus</span> <span class='ocrx_word' id='word_1_152' title='bbox 904 2783 1053 2871; x_wconf 74' lang='lat' dir='ltr'>quoniam</span> <span class='ocrx_word' id='word_1_153' title='bbox 1083 2785 1232 2854; x_wconf 69' lang='lat' dir='ltr'>evertere</span> <span class='ocrx_word' id='word_1_154' title='bbox 1265 2801 1329 2854; x_wconf 72' lang='lat' dir='ltr'>lon</span> 
     </span>
     <span class='ocr_line' id='line_1_20' title="bbox 291 2895 1162 2987; baseline -0.002 -20"><span class='ocrx_word' id='word_1_155' title='bbox 291 2898 397 2987; x_wconf 91' lang='lat' dir='ltr'>potuit</span> <span class='ocrx_word' id='word_1_156' title='bbox 422 2897 611 2986; x_wconf 85' lang='lat' dir='ltr'>persecutus</span> <span class='ocrx_word' id='word_1_157' title='bbox 642 2898 694 2968; x_wconf 87' lang='lat' dir='ltr'>est</span> <span class='ocrx_word' id='word_1_158' title='bbox 716 2897 749 2966; x_wconf 90' lang='lat' dir='ltr'>et</span> <span class='ocrx_word' id='word_1_159' title='bbox 770 2895 914 2967; x_wconf 88' lang='lat' dir='ltr'>ludibrio</span> <span class='ocrx_word' id='word_1_160' title='bbox 936 2896 1051 2966; x_wconf 90' lang='lat' dir='ltr'>baberi</span> <span class='ocrx_word' id='word_1_161' title='bbox 1073 2896 1162 2966; x_wconf 89' lang='lat' dir='ltr'>lecit.</span> 
     </span>
    </p>
   </div>
   <div class='ocr_carea' id='block_1_5' title="bbox 125 3082 1330 4283">
    <p class='ocr_par' dir='ltr' id='par_1_5' title="bbox 125 3082 1330 4283">
     <span class='ocr_line' id='line_1_21' title="bbox 224 3082 1327 3170; baseline -0.002 -18"><span class='ocrx_word' id='word_1_162' title='bbox 224 3085 271 3152; x_wconf 81' lang='lat' dir='ltr'>At</span> <span class='ocrx_word' id='word_1_163' title='bbox 292 3103 364 3153; x_wconf 88' lang='lat' dir='ltr'>vero</span> <span class='ocrx_word' id='word_1_164' title='bbox 384 3084 429 3151; x_wconf 90' lang='lat' dir='ltr'>sic</span> <span class='ocrx_word' id='word_1_165' title='bbox 451 3087 594 3170; x_wconf 78' lang='lat' dir='ltr'>rapodone</span> <span class='ocrx_word' id='word_1_166' title='bbox 618 3082 760 3152; x_wconf 91' lang='lat' dir='ltr'>diabolus</span> <span class='ocrx_word' id='word_1_167' title='bbox 787 3085 917 3152; x_wconf 76' lang='lat' dir='ltr'>recessit</span> <span class='ocrx_word' id='word_1_168' title='bbox 941 3085 1066 3170; x_wconf 90' lang='lat' dir='ltr'>quidem</span> <span class='ocrx_word' id='word_1_169' title='bbox 1088 3087 1127 3151; x_wconf 89' lang='lat' dir='ltr'>ad</span> <span class='ocrx_word' id='word_1_170' title='bbox 1149 3088 1272 3169; x_wconf 87' lang='lat' dir='ltr'>tempus</span> <span class='ocrx_word' id='word_1_171' title='bbox 1296 3089 1327 3151; x_wconf 91' lang='lat' dir='ltr'>et</span> 
     </span>
     <span class='ocr_line' id='line_1_22' title="bbox 126 3195 1328 3282; baseline 0.002 -22"><span class='ocrx_word' id='word_1_172' title='bbox 126 3195 198 3279; x_wconf 85' lang='lat' dir='ltr'>quia</span> <span class='ocrx_word' id='word_1_173' title='bbox 230 3195 415 3280; x_wconf 84' lang='lat' dir='ltr'>desperabat</span> <span class='ocrx_word' id='word_1_174' title='bbox 442 3197 511 3281; x_wconf 90' lang='lat' dir='ltr'>jam</span> <span class='ocrx_word' id='word_1_175' title='bbox 543 3198 581 3263; x_wconf 92' lang='lat' dir='ltr'>de</span> <span class='ocrx_word' id='word_1_176' title='bbox 614 3198 745 3264; x_wconf 84' lang='lat' dir='ltr'>victoria</span> <span class='ocrx_word' id='word_1_177' title='bbox 780 3197 914 3264; x_wconf 89' lang='lat' dir='ltr'>ludibrio</span> <span class='ocrx_word' id='word_1_178' title='bbox 948 3197 1004 3263; x_wconf 90' lang='lat' dir='ltr'>has</span> <span class='ocrx_word' id='word_1_179' title='bbox 1041 3198 1125 3282; x_wconf 88' lang='lat' dir='ltr'>ipsae</span> <span class='ocrx_word' id='word_1_180' title='bbox 1148 3198 1181 3262; x_wconf 91' lang='lat' dir='ltr'>in</span> <span class='ocrx_word' id='word_1_181' title='bbox 1204 3196 1328 3264; x_wconf 78' lang='lat' dir='ltr'>Christo</span> 
     </span>
     <span class='ocr_line' id='line_1_23' title="bbox 126 3305 1327 3394; baseline 0.003 -24"><span class='ocrx_word' id='word_1_182' title='bbox 126 3305 238 3373; x_wconf 89' lang='lat' dir='ltr'>babere</span> <span class='ocrx_word' id='word_1_183' title='bbox 260 3307 390 3375; x_wconf 82' lang='lat' dir='ltr'>virtutes</span> <span class='ocrx_word' id='word_1_184' title='bbox 413 3327 468 3392; x_wconf 91' lang='lat' dir='ltr'>per</span> <span class='ocrx_word' id='word_1_185' title='bbox 488 3308 629 3374; x_wconf 86' lang='lat' dir='ltr'>homines</span> <span class='ocrx_word' id='word_1_186' title='bbox 652 3309 804 3376; x_wconf 83' lang='lat' dir='ltr'>satellibus</span> <span class='ocrx_word' id='word_1_187' title='bbox 828 3327 901 3374; x_wconf 91' lang='lat' dir='ltr'>suos</span> <span class='ocrx_word' id='word_1_188' title='bbox 925 3327 1091 3394; x_wconf 85' lang='lat' dir='ltr'>aggressus</span> <span class='ocrx_word' id='word_1_189' title='bbox 1116 3315 1173 3374; x_wconf 89' lang='lat' dir='ltr'>est.</span> <span class='ocrx_word' id='word_1_190' title='bbox 1218 3309 1327 3392; x_wconf 86' lang='lat' dir='ltr'>Itaque</span> 
     </span>
     <span class='ocr_line' id='line_1_24' title="bbox 126 3417 1326 3504; baseline 0.002 -23"><span class='ocrx_word' id='word_1_191' title='bbox 126 3417 295 3482; x_wconf 90' lang='lat' dir='ltr'>Dominum</span> <span class='ocrx_word' id='word_1_192' title='bbox 326 3418 439 3485; x_wconf 79' lang='lat' dir='ltr'>desum</span> <span class='ocrx_word' id='word_1_193' title='bbox 471 3418 630 3485; x_wconf 92' lang='lat' dir='ltr'>hominem</span> <span class='ocrx_word' id='word_1_194' title='bbox 663 3422 765 3485; x_wconf 88' lang='lat' dir='ltr'>solum</span> <span class='ocrx_word' id='word_1_195' title='bbox 786 3420 905 3504; x_wconf 89' lang='lat' dir='ltr'>peccati</span> <span class='ocrx_word' id='word_1_196' title='bbox 926 3420 1106 3500; x_wconf 86' lang='lat' dir='ltr'>immunem,</span> <span class='ocrx_word' id='word_1_197' title='bbox 1133 3420 1186 3503; x_wconf 88' lang='lat' dir='ltr'>qui</span> <span class='ocrx_word' id='word_1_198' title='bbox 1208 3422 1239 3484; x_wconf 90' lang='lat' dir='ltr'>et</span> <span class='ocrx_word' id='word_1_199' title='bbox 1260 3438 1326 3503; x_wconf 91' lang='lat' dir='ltr'>per-</span> 
     </span>
     <span class='ocr_line' id='line_1_25' title="bbox 126 3528 1328 3616; baseline -0.002 -20"><span class='ocrx_word' id='word_1_200' title='bbox 126 3532 271 3598; x_wconf 77' lang='lat' dir='ltr'>transivit</span> <span class='ocrx_word' id='word_1_201' title='bbox 285 3528 309 3616; x_wconf 68' lang='grc'>3)</span> <span class='ocrx_word' id='word_1_202' title='bbox 342 3529 559 3598; x_wconf 82' lang='lat' dir='ltr'>benefaciendo</span> <span class='ocrx_word' id='word_1_203' title='bbox 593 3535 626 3598; x_wconf 91' lang='lat' dir='ltr'>ct</span> <span class='ocrx_word' id='word_1_204' title='bbox 658 3533 794 3597; x_wconf 88' lang='lat' dir='ltr'>sanando</span> <span class='ocrx_word' id='word_1_205' title='bbox 825 3549 932 3597; x_wconf 86' lang='lat' dir='ltr'>omnes</span> <span class='ocrx_word' id='word_1_206' title='bbox 968 3548 1133 3615; x_wconf 88' lang='lat' dir='ltr'>oppressos</span> <span class='ocrx_word' id='word_1_207' title='bbox 1155 3529 1328 3608; x_wconf 77' lang='lat' dir='ltr'>odiebam,</span> 
     </span>
     <span class='ocr_line' id='line_1_26' title="bbox 126 3639 1321 3736; baseline -0.005 -26"><span class='ocrx_word' id='word_1_208' title='bbox 126 3645 270 3728; x_wconf 89' lang='lat' dir='ltr'>qnoniam</span> <span class='ocrx_word' id='word_1_209' title='bbox 292 3644 376 3709; x_wconf 87' lang='lat' dir='ltr'>Deus</span> <span class='ocrx_word' id='word_1_210' title='bbox 410 3645 477 3708; x_wconf 85' lang='lat' dir='ltr'>orat</span> <span class='ocrx_word' id='word_1_211' title='bbox 497 3660 569 3709; x_wconf 89' lang='lat' dir='ltr'>cum</span> <span class='ocrx_word' id='word_1_212' title='bbox 590 3642 656 3726; x_wconf 89' lang='lat' dir='ltr'>illo,</span> <span class='ocrx_word' id='word_1_213' title='bbox 688 3642 856 3736; x_wconf 88' lang='lat' dir='ltr'>hominem,</span> <span class='ocrx_word' id='word_1_214' title='bbox 887 3643 1024 3726; x_wconf 88' lang='lat' dir='ltr'>inquam,</span> <span class='ocrx_word' id='word_1_215' title='bbox 1048 3641 1144 3706; x_wconf 89' lang='lat' dir='ltr'>totius</span> <span class='ocrx_word' id='word_1_216' title='bbox 1167 3639 1321 3705; x_wconf 88' lang='lat' dir='ltr'>humanae</span> 
     </span>
     <span class='ocr_line' id='line_1_27' title="bbox 126 3753 1328 3839; baseline -0.002 -19"><span class='ocrx_word' id='word_1_217' title='bbox 126 3753 314 3822; x_wconf 88' lang='lat' dir='ltr'>moralitatis</span> <span class='ocrx_word' id='word_1_218' title='bbox 337 3755 439 3820; x_wconf 88' lang='lat' dir='ltr'>solum</span> <span class='ocrx_word' id='word_1_219' title='bbox 460 3755 648 3839; x_wconf 88' lang='lat' dir='ltr'>magistrum</span> <span class='ocrx_word' id='word_1_220' title='bbox 677 3773 785 3820; x_wconf 79' lang='lat' dir='ltr'>nomm</span> <span class='ocrx_word' id='word_1_221' title='bbox 810 3760 841 3820; x_wconf 90' lang='lat' dir='ltr'>et</span> <span class='ocrx_word' id='word_1_222' title='bbox 863 3755 1022 3821; x_wconf 87' lang='lat' dir='ltr'>doctorem</span> <span class='ocrx_word' id='word_1_223' title='bbox 1044 3755 1207 3838; x_wconf 89' lang='lat' dir='ltr'>tamquam</span> <span class='ocrx_word' id='word_1_224' title='bbox 1228 3753 1328 3817; x_wconf 91' lang='lat' dir='ltr'>malc-</span> 
     </span>
     <span class='ocr_line' id='line_1_28' title="bbox 125 3861 1328 3950; baseline -0.004 -19"><span class='ocrx_word' id='word_1_225' title='bbox 125 3865 275 3933; x_wconf 88' lang='lat' dir='ltr'>iactorem</span> <span class='ocrx_word' id='word_1_226' title='bbox 297 3864 514 3949; x_wconf 80' lang='lat' dir='ltr'>comprehendi</span> <span class='ocrx_word' id='word_1_227' title='bbox 537 3867 568 3930; x_wconf 91' lang='lat' dir='ltr'>et</span> <span class='ocrx_word' id='word_1_228' title='bbox 589 3866 679 3950; x_wconf 85' lang='lat' dir='ltr'>ligari</span> <span class='ocrx_word' id='word_1_229' title='bbox 712 3867 787 3932; x_wconf 86' lang='lat' dir='ltr'>fecit</span> <span class='ocrx_word' id='word_1_230' title='bbox 810 3884 846 3932; x_wconf 89' lang='lat' dir='ltr'>ac</span> <span class='ocrx_word' id='word_1_231' title='bbox 867 3865 973 3950; x_wconf 87' lang='lat' dir='ltr'>flagris</span> <span class='ocrx_word' id='word_1_232' title='bbox 1010 3863 1171 3930; x_wconf 85' lang='lat' dir='ltr'>attrectari</span> <span class='ocrx_word' id='word_1_233' title='bbox 1192 3861 1328 3946; x_wconf 84' lang='lat' dir='ltr'>impulit,</span> 
     </span>
     <span class='ocr_line' id='line_1_29' title="bbox 127 3971 1328 4062; baseline -0.007 -18"><span class='ocrx_word' id='word_1_234' title='bbox 127 3996 216 4062; x_wconf 88' lang='lat' dir='ltr'>quem</span> <span class='ocrx_word' id='word_1_235' title='bbox 255 3975 350 4042; x_wconf 90' lang='lat' dir='ltr'>etiam</span> <span class='ocrx_word' id='word_1_236' title='bbox 383 3973 575 4059; x_wconf 87' lang='lat' dir='ltr'>flagellatum</span> <span class='ocrx_word' id='word_1_237' title='bbox 609 3975 752 4041; x_wconf 90' lang='lat' dir='ltr'>minister</span> <span class='ocrx_word' id='word_1_238' title='bbox 782 3975 898 4042; x_wconf 89' lang='lat' dir='ltr'>diaboli</span> <span class='ocrx_word' id='word_1_239' title='bbox 931 3975 1014 4040; x_wconf 87' lang='lat' dir='ltr'>forae</span> <span class='ocrx_word' id='word_1_240' title='bbox 1050 3973 1183 4039; x_wconf 87' lang='lat' dir='ltr'>educens</span> <span class='ocrx_word' id='word_1_241' title='bbox 1206 3971 1328 4037; x_wconf 89' lang='lat' dir='ltr'>Pilatus</span> 
     </span>
     <span class='ocr_line' id='line_1_30' title="bbox 125 4080 1328 4168; baseline -0.007 -14"><span class='ocrx_word' id='word_1_242' title='bbox 125 4105 194 4154; x_wconf 81' lang='lat' dir='ltr'>vera</span> <span class='ocrx_word' id='word_1_243' title='bbox 216 4086 375 4153; x_wconf 86' lang='lat' dir='ltr'>hominem</span> <span class='ocrx_word' id='word_1_244' title='bbox 408 4087 511 4152; x_wconf 90' lang='lat' dir='ltr'>solum</span> <span class='ocrx_word' id='word_1_245' title='bbox 544 4087 741 4153; x_wconf 89' lang='lat' dir='ltr'>innocentem</span> <span class='ocrx_word' id='word_1_246' title='bbox 779 4086 916 4152; x_wconf 89' lang='lat' dir='ltr'>ostentui</span> <span class='ocrx_word' id='word_1_247' title='bbox 952 4101 988 4150; x_wconf 89' lang='lat' dir='ltr'>aa</span> <span class='ocrx_word' id='word_1_248' title='bbox 1022 4083 1180 4168; x_wconf 87' lang='lat' dir='ltr'>despectui</span> <span class='ocrx_word' id='word_1_249' title='bbox 1211 4080 1328 4148; x_wconf 82' lang='lat' dir='ltr'>babens</span> 
     </span>
     <span class='ocr_line' id='line_1_31' title="bbox 125 4179 1330 4283; baseline -0.006 -20"><span class='ocrx_word' id='word_1_250' title='bbox 125 4198 244 4283; x_wconf 85' lang='lat' dir='ltr'>ajebat:</span> <span class='ocrx_word' id='word_1_251' title='bbox 267 4197 362 4265; x_wconf 79' lang='lat' dir='ltr'>Ecce</span> <span class='ocrx_word' id='word_1_252' title='bbox 380 4179 532 4282; x_wconf 86' lang='lat' dir='ltr'>bomo.⁴)</span> <span class='ocrx_word' id='word_1_253' title='bbox 555 4198 706 4266; x_wconf 83' lang='lat' dir='ltr'>Similiter</span> <span class='ocrx_word' id='word_1_254' title='bbox 729 4204 834 4264; x_wconf 87' lang='lat' dir='ltr'>autem</span> <span class='ocrx_word' id='word_1_255' title='bbox 859 4202 890 4264; x_wconf 90' lang='lat' dir='ltr'>et</span> <span class='ocrx_word' id='word_1_256' title='bbox 909 4195 1048 4261; x_wconf 85' lang='lat' dir='ltr'>veritatis</span> <span class='ocrx_word' id='word_1_257' title='bbox 1071 4193 1159 4260; x_wconf 87' lang='lat' dir='ltr'>amor</span> <span class='ocrx_word' id='word_1_258' title='bbox 1183 4209 1219 4258; x_wconf 86' lang='lat' dir='ltr'>ac</span> <span class='ocrx_word' id='word_1_259' title='bbox 1240 4192 1330 4259; x_wconf 52' lang='lat' dir='ltr'>testi:</span> 
     </span>
    </p>
   </div>
   <div class='ocr_carea' id='block_1_6' title="bbox 127 4343 374 4354">
    <p class='ocr_par' dir='ltr' id='par_1_6' title="bbox 127 4343 374 4354">
     <span class='ocr_line' id='line_1_32' title="bbox 127 4343 374 4354; baseline -0.016 0"><span class='ocrx_word' id='word_1_260' title='bbox 127 4343 374 4354; x_wconf 84' lang='lat'><em>-————--——</em></span> 
     </span>
    </p>
   </div>
   <div class='ocr_carea' id='block_1_7' title="bbox 181 4403 1327 4484">
    <p class='ocr_par' dir='ltr' id='par_1_7' title="bbox 181 4403 1327 4484">
     <span class='ocr_line' id='line_1_33' title="bbox 181 4403 1327 4484; baseline -0.01 -15"><span class='ocrx_word' id='word_1_261' title='bbox 181 4429 183 4436; x_wconf 85' lang='grc'><strong>’</strong></span> <span class='ocrx_word' id='word_1_262' title='bbox 227 4413 246 4484; x_wconf 82' lang='lat'>¹)</span> <span class='ocrx_word' id='word_1_263' title='bbox 265 4416 326 4468; x_wconf 85' lang='lat' dir='ltr'>Luc.</span> <span class='ocrx_word' id='word_1_264' title='bbox 348 4411 390 4468; x_wconf 82' lang='lat'>12.</span> <span class='ocrx_word' id='word_1_265' title='bbox 412 4413 454 4467; x_wconf 81' lang='lat'>19.</span> <span class='ocrx_word' id='word_1_266' title='bbox 475 4441 508 4454; x_wconf 90' lang='lat'>—-</span> <span class='ocrx_word' id='word_1_267' title='bbox 530 4411 550 4481; x_wconf 78' lang='lat'>¹)</span> <span class='ocrx_word' id='word_1_268' title='bbox 569 4413 651 4468; x_wconf 83' lang='lat' dir='ltr'>Math.</span> <span class='ocrx_word' id='word_1_269' title='bbox 672 4411 697 4468; x_wconf 89' lang='lat'>4.</span> <span class='ocrx_word' id='word_1_270' title='bbox 721 4411 762 4468; x_wconf 80' lang='lat'>10.</span> <span class='ocrx_word' id='word_1_271' title='bbox 786 4441 814 4451; x_wconf 98' lang='lat'>-</span> <span class='ocrx_word' id='word_1_272' title='bbox 845 4407 870 4477; x_wconf 75' lang='lat' dir='ltr'>&#39;p</span> <span class='ocrx_word' id='word_1_273' title='bbox 889 4410 942 4476; x_wconf 88' lang='lat' dir='ltr'>apd.</span> <span class='ocrx_word' id='word_1_274' title='bbox 963 4407 1137 4476; x_wconf 79' lang='lat' dir='ltr'>pertransibit.</span> <span class='ocrx_word' id='word_1_275' title='bbox 1159 4406 1191 4458; x_wconf 86' lang='lat' dir='ltr'>el.</span> <span class='ocrx_word' id='word_1_276' title='bbox 1211 4411 1263 4459; x_wconf 80' lang='lat' dir='ltr'>aot.</span> <span class='ocrx_word' id='word_1_277' title='bbox 1285 4403 1327 4458; x_wconf 89' lang='lat'>10·</span> 
     </span>
    </p>
   </div>
   <div class='ocr_carea' id='block_1_8' title="bbox 125 4508 1321 4654">
    <p class='ocr_par' dir='ltr' id='par_1_8' title="bbox 125 4508 1321 4654">
     <span class='ocr_line' id='line_1_34' title="bbox 125 4508 1321 4580; baseline -0.014 -13"><span class='ocrx_word' id='word_1_278' title='bbox 125 4512 167 4567; x_wconf 77' lang='lat'>38.</span> <span class='ocrx_word' id='word_1_279' title='bbox 191 4541 220 4552; x_wconf 89' lang='lat'>-·</span> <span class='ocrx_word' id='word_1_280' title='bbox 241 4514 263 4580; x_wconf 79' lang='lat'>⁴)</span> <span class='ocrx_word' id='word_1_281' title='bbox 284 4511 355 4564; x_wconf 81' lang='lat' dir='ltr'>Joan.</span> <span class='ocrx_word' id='word_1_282' title='bbox 377 4508 421 4566; x_wconf 80' lang='lat'>19.</span> <span class='ocrx_word' id='word_1_283' title='bbox 440 4509 467 4562; x_wconf 81' lang='lat'>5.</span> <span class='ocrx_word' id='word_1_284' title='bbox 1316 4539 1321 4550; x_wconf 84' lang='lat'>.</span> 
     </span>
     <span class='ocr_line' id='line_1_35' title="bbox 1169 4589 1227 4654; baseline 0 0"><span class='ocrx_word' id='word_1_285' title='bbox 1169 4589 1227 4654; x_wconf 84' lang='lat'>15*</span> 
     </span>
    </p>
   </div>
   <div class='ocr_carea' id='block_1_9' title="bbox 0 0 1591 5190">
    <p class='ocr_par' dir='ltr' id='par_1_9' title="bbox 0 0 1591 5190">
     <span class='ocr_line' id='line_1_36' title="bbox 0 0 1591 5190; baseline 0 0"><span class='ocrx_word' id='word_1_286' title='bbox 0 0 1591 5190; x_wconf 95' lang='lat' dir='ltr'> </span> 
     </span>
    </p>
   </div>
  </div>
 </body>
</html>
