3168 5190
1255 389 1316 454 211

15 557 16 560 ’
114 552 300 617 ministrnm.
325 551 422 635 Quasi
444 551 526 617 enim
549 571 585 617 er
607 552 741 618 nominis
766 555 857 621 titulo
881 559 1092 641 agnoscimus,
1114 561 1195 642 quod
1210 564 1320 628 adDei

114 663 350 729 similitudinem
372 681 429 748 per
451 662 630 746 superbiam
652 666 756 731 nullus
780 673 926 752 assurgat
949 673 1023 754 quin
1045 673 1159 755 potius,
1183 677 1219 738 ut
1235 676 1320 758 quis·

112 775 197 859 piam
222 777 332 840 contra
353 774 456 839 Deum
479 792 645 859 assurgere
665 777 753 860 eiquo
778 778 930 863 superbus
953 781 1120 848 assimilari
1143 785 1318 865 tentaverit,

113 887 180 972 ipso
205 886 369 952 Michaelis
391 888 515 953 nomine
537 905 573 952 ac
595 889 768 954 ministerio
804 891 892 973 quasi
915 891 1044 958 fulmina
1065 897 1319 978 repercutiendus

115 1002 178 1080 erit,
203 1005 357 1086 quatenus
381 999 574 1066 humiliatus
597 1000 695 1064 dicat:
732 1001 898 1067 Domine
921 1003 1006 1086 quis
1029 1003 1182 1071 similis
1204 1005 1320 1091 tib11)

115 1115 160 1178 rel
183 1113 273 1197 quis
295 1112 335 1176 in
357 1109 534 1177 nubibus
569 1110 806 1191 aequabitur
828 1112 1058 1199 Dominoi²t
1092 1121 1147 1183 aut
1169 1120 1238 1203 quis
1262 1123 1320 1187 si·

116 1225 218 1292 milis
243 1223 321 1290 erit
344 1223 509 1289 Domino
531 1223 571 1286 in
595 1222 699 1288 filiis
718 1225 847 1307 Deir‘q
881 1226 922 1292 Idt
944 1227 1017 1312 qnia
1039 1232 1248 1298 sacerdotium
1270 1253 1321 1298 eo·

115 1338 225 1405 clasiae
257 1334 445 1401 humilitatis
480 1333 619 1400 officium
641 1352 678 1402 ac
700 1335 910 1406 ministerium
944 1344 1008 1419 est,
1050 1342 1103 1425 qni
1136 1343 1217 1407 enim
1252 1348 1321 1408 orat

115 1451 215 1516 Deum
248 1433 318 1534 ipse
340 1465 374 1512 se
395 1444 456 1512 sibi
488 1445 729 1512 insufficientem
752 1449 918 1532 existimat,
951 1452 1019 1537 ipse
1041 1472 1163 1537 qnoque
1185 1452 1321 1520 Michael

116 1561 312 1630 sacerdotnm
335 1559 399 1624 Deo
422 1558 455 1623 in
476 1557 654 1623 humilitate
687 1559 815 1642 spiritns
837 1581 945 1646 preces
969 1563 1166 1629 offerentium
1184 1545 1321 1630 ‘commi-

115 1679 211 1744 nister
232 1674 449 1760 agnoscendus
472 1676 529 1752 est,
564 1674 646 1738 unde
668 1673 753 1739 etin
775 1673 883 1739 habitu
917 1676 1102 1741 sacerdotali
1123 1675 1319 1744 thnribulum

115 1806 244 1854 aureum
266 1803 371 1852 coram
392 1785 484 1850 altari
505 1786 643 1851 tenuisse
666 1804 761 1852 manu
783 1785 869 1852 visus
883 1790 948 1872 est.
984 1786 1030 1851 Er
1051 1805 1113 1871 qno
1137 1788 1220 1854 enim
1242 1787 1319 1856 fides

115 1899 262 1986 promissi
285 1897 455 1964 salvatoris
479 1895 595 1963 Christi
616 1899 702 1964 velut
723 1898 821 1962 altare
842 1896 875 1962 in
898 1897 1042 1966 cordibus
1066 1899 1318 1966 Patriarcharnm

116 2014 260 2096 suscepta
276 2012 308 2074 et
322 2009 474 2075 collocata
489 2012 547 2092 est,
563 2028 599 2074 er
619 2028 655 2076 eo
667 2009 803 2075 Michaol
818 2029 873 2093 per
887 2008 1081 2075 thuribulum
1102 2026 1242 2091 aureum,
1259 2011 1319 2077 hoc

116 2126 162 2188 est
183 2141 241 2207 per
264 2120 423 2189 Christum
458 2120 673 2202 mediatorem,
702 2121 828 2186 incensa
851 2121 1030 2187 orationum
1051 2123 1117 2186 Deo
1142 2121 1236 2188 offero
1258 2141 1320 2188 non

15 2219 16 2230 ¹
117 2233 237 2300 destitit
259 2237 291 2297 et
313 2249 414 2315 usquo
433 2232 508 2296 dnm
530 2230 657 2297 finiatur
679 2233 839 2297 saeculum
862 2251 924 2297 non
947 2233 1078 2304 desinet.
1100 2235 1190 2317 Quod
1213 2237 1319 2300 autom

117 2345 214 2410 oratio
237 2342 425 2408 humilitatis
448 2361 526 2427 opus
550 2341 591 2406 sit
613 2343 661 2407 vol
682 2342 715 2406 in
731 2343 912 2410 Patnaroha
923 2344 1024 2411 Jacob
1046 2345 1249 2412 manifestum
1271 2349 1320 2410 est

117 2455 203 2540 onius
237 2453 424 2520 humilitatis
458 2452 605 2518 meritum
628 2451 707 2519 Osee
740 2453 892 2536 propheta
926 2458 1148 2523 commendans
1171 2456 1232 2521 aitz
1278 2457 1319 2522 In

118 2565 363 2632 fortitudine
396 2583 467 2630 sua
489 2563 672 2631 directus
695 2583 781 2630 oum
803 2567 947 2648 angelo
981 2567 1159 2633 invaluit
1180 2565 1228 2632 ad
1249 2585 1320 2632 an·

118 2673 291 2760 gelum.³)
314 2677 420 2760 Atque
442 2677 478 2741 ut
497 2677 648 2744 sciremus
672 2695 744 2742 eum
765 2695 827 2741 non
851 2680 990 2764 corporis
1014 2680 1067 2744 sod
1090 2678 1210 2744 animae
1233 2677 1319 2743 torti·

118 2789 241 2869 tudine,
266 2807 345 2872 quae
366 2790 480 2880 montis
502 2788 663 2854 humilitas
686 2791 743 2867 est,
766 2788 934 2856 invaluisse
956 2791 995 2855 ad
1018 2792 1164 2875 angelum
1187 2789 1320 2872 subjecit

118 2901 238 2968 dicens:
269 2898 389 2967 flovit
412 2903 450 2966 ot
472 2920 513 2966 ro
522 2901 631 2985 gavit
654 2919 746 2966 eum.
761 2899 787 2978 4)
831 2897 985 2966 Similiter
1007 2905 1113 2966 antem
1137 2905 1169 2966 et
1190 2901 1316 2985 Moyses

118 3011 327 3078 fortissimum
349 3012 495 3096 spiritum
520 3013 622 3078 Deum
654 3031 717 3078 non
739 3013 799 3077 alia
821 3012 1004 3080 fortitudine
1026 3029 1120 3097 qnam
1142 3011 1239 3076 nimia
1260 3010 1320 3076 hn-

117 3121 250 3187 militate
282 3122 386 3205 potuit
418 3125 532 3203 tenere,
565 3123 611 3188 ita
643 3127 679 3188 ut
701 3119 898 3209 omnipotens
931 3124 1030 3189 teneri
1052 3124 1245 3190 sesentiens
1278 3123 1318 3189 ab

118 3234 241 3300 homine
272 3238 432 3318 tamquam
454 3229 610 3319 impotens
634 3235 682 3301 sui
702 3235 804 3301 factus
827 3236 961 3300 diceret:
995 3233 1163 3300 dimitte
1193 3254 1249 3300 me
1276 3238 1320 3300 ut

118 3346 317 3413 irascatur
339 3345 355 3410 f
361 3365 456 3411 uror·
478 3365 591 3413 meus
614 3349 646 3412 et
667 3346 765 3432 oot.⁵)
788 3348 877 3413 Unde
900 3350 931 3412 et
952 3345 985 3409 in
1006 3346 1127 3429 psalmo
1151 3345 1318 3410 centesimo

119 3458 224 3540 quinto
260 3457 501 3542 scriptumest:
545 3457 596 3525 Et
618 3459 728 3523 dixit·
745 3462 785 3523 nt
806 3457 1061 3542 disperderet
1095 3475 1160 3520 eos
1184 3456 1318 3521 sinon

119 3567 274 3653 Moyses
314 3569 469 3634 clectus
515 3569 600 3653 oJus
638 3568 841 3635 stetisset
877 3569 915 3633 in
953 3566 1235 3634 confractione
1279 3567 1319 3631 in

120 3682 343 3762 conspectu
365 3677 493 3763 ejusd!
517 3682 598 3766 Quid
620 3682 703 3746 enim
725 3681 827 3746 estin
850 3680 1060 3746 confractione
1083 3678 1144 3744 nisi
1165 3679 1199 3742 in
1220 3677 1318 3742 nimia

118 3793 231 3860 mentis
255 3793 453 3860 humilitate?
476 3793 527 3860 An
550 3812 612 3859 non
634 3793 730 3858 nimia
752 3793 865 3858 mentis
888 3792 1050 3858 humilitas
1073 3790 1134 3856 fuit
1157 3790 1239 3873 quod
1262 3789 1321 3854 ait:

119 3905 284 3970 dimitte
317 3905 369 3971 eis
402 3905 667 3996 hononorem
700 3910 764 3972 aut
786 3907 821 3972 si
841 3926 923 3988 non,
948 3906 1033 3970 dele
1064 3900 1318 3969 medelib1·o

118 4017 184 4082 tuo
208 4018 306 4102 quod
328 4017 602 4104 scripsistii⁷l
623 4020 661 4085 In
684 4019 796 4102 quibus
818 4018 920 4084 verbis
944 4017 1004 4082 etsi
1020 4014 1150 4082 affectus
1165 4014 1319 4079 rationem

119 4129 285 4196 exclusisse
306 4131 392 4197 visus
415 4135 473 4213 est,
496 4131 626 4198 affectus
650 4135 755 4196 tamen
778 4131 927 4196 affectum
949 4147 1011 4193 non
1033 4126 1173 4207 exclusit,
1198 4123 1271 4208 quin
1288 4143 1321 4188 se

220 4371 239 4438 ¹)
259 4367 367 4426 Post.
387 4368 430 4426 10.
455 4397 490 4411 -
520 4369 540 4440 ²)
559 4371 602 4425 Ps.
622 4370 667 4425 88.
687 4369 712 4424 7.
741 4395 775 4408 -
803 4365 825 4436 ³)
844 4366 924 4421 Oseas
945 4367 989 4422 12.
1008 4367 1035 4421 3.
1064 4393 1096 4406 —
1124 4362 1145 4433 ⁴)
1165 4364 1208 4418 Os.
1229 4362 1273 4418 10,
1293 4363 1319 4415 3.

119 4462 139 4534 ³)
157 4468 201 4524 os.
220 4467 264 4524 ra.
282 4469 309 4524 4.
328 4497 360 4510 -
381 4465 403 4537 ο)
421 4467 464 4524 rs.
484 4469 547 4528 ros.
568 4469 612 4526 aa.
633 4499 666 4510 -
698 4465 717 4536 π)
735 4466 819 4521 uxos.
839 4467 882 4522 aa.
904 4465 946 4520 10.
1181 4546 1221 4614 16
