3158 5212
1260 449 1300 512 31

96 615 169 696 Qui
189 614 274 680 nisi
305 613 494 681 fuissent
527 612 715 680 breviati
749 632 828 680 non
861 613 992 679 fieret
1024 616 1143 680 salva
1166 619 1300 684 omnis

95 722 247 808 caro‚1)
271 721 410 790 fidelis
431 744 605 809 namque
627 727 748 809 Deus,
784 724 855 810 qui
876 743 955 791 non
976 725 1168 809 patietur
1201 730 1300 794 eoele-

94 838 177 903 siam
209 854 300 903 suam
333 837 416 902 sieut
449 855 507 902 neo
539 837 641 902 ullum
663 835 811 903 ecelesiae
847 835 1033 917 membrum,
1070 840 1152 922 quod
1173 842 1301 923 praede-

94 949 226 1014 stinavit
245 948 279 1013 in
300 947 443 1033 gloriam,
478 948 640 1013 tentari
662 966 783 1035 supra
803 948 863 1030 id,
902 950 1038 1035 quedl)
1060 952 1209 1036 potest
1231 951 1301 1017 sed

94 1060 226 1126 faeiat
258 1079 342 1127 eum
376 1061 612 1126 tentatione
649 1063 777 1128 etiam
814 1066 1049 1148 proventum
1083 1068 1129 1131 ut
1161 1064 1301 1148 possit

93 1171 338 1258 sustineres)
382 1175 426 1240 ut
446 1172 518 1238 inde
540 1176 597 1258 est,
632 1174 714 1259 quod
736 1175 942 1258 patientia
964 1178 1205 1243 sanatorum
1226 1196 1299 1244 non

92 1285 248 1372 peribit
269 1288 310 1353 in
328 1285 494 1373 linem‚4)
518 1304 605 1369 quae,
628 1290 665 1353 ut
686 1287 828 1371 dicimus,
850 1287 1000 1372 patientie
1020 1305 1075 1371 pro
1098 1288 1157 1356 Dei
1177 1287 1299 1374 legibus

92 1417 193 1484 usqne
214 1400 255 1466 ad
275 1403 411 1465 mortem
443 1397 552 1464 habita
585 1399 686 1464 deoiee
717 1399 838 1465 senaria
873 1401 922 1466 rel
956 1399 1053 1466 sexies
1087 1400 1167 1466 dena
1188 1400 1299 1485 templi

92 1531 157 1579 non
178 1511 361 1592 manufesti,
385 1512 467 1596 quod
489 1510 539 1576 eet
560 1506 698 1590 ecelesia,
720 1509 883 1596 longitudo
906 1511 963 1576 est

595 1898 703 1967 Gap.
723 1897 797 1955 1x.

567 2020 613 2088 lte
636 2019 822 2090 latitudine.

192 2205 344 2273 Latitudo
366 2226 487 2292 quoque
508 2209 618 2292 templi
639 2206 743 2292 hujus,
776 2208 858 2292 quod
891 2207 1054 2274 eeclesiam
1075 2207 1292 2292 intelligimus,

91 2319 130 2383 ad
154 2317 255 2384 instar
276 2319 361 2386 illius
384 2319 556 2385 manufacti
582 2321 691 2404 templi
713 2320 828 2386 vicenis
850 2319 963 2386 enbitis
987 2319 1138 2404 tenditur;
1161 2319 1214 2403 qui
1235 2339 1295 2386 nu·

91 2449 197 2497 merus
219 2429 359 2497 binarius
381 2432 514 2497 decenus
539 2432 596 2510 est,
618 2431 817 2497 latitudinem
829 2431 989 2498 eharitatis
1002 2430 1190 2515 significans,
1215 2451 1293 2517 qnae

90 2542 129 2606 ad
159 2542 337 2640 proximum
371 2543 509 2610 tenditur
543 2542 709 2626 minusque
743 2561 837 2627 quam
869 2541 951 2608 inter
981 2545 1058 2608 duos
1091 2544 1200 2610 haberi
1230 2565 1293 2612 non

90 2655 203 2735 potest.
228 2652 359 2737 Oportet
381 2657 488 2720 autem
510 2658 546 2720 ut
568 2657 600 2719 et
622 2654 737 2719 decena
759 2654 810 2734 sit,
834 2657 986 2737 quatenus
1008 2657 1087 2741 legis
1109 2657 1292 2742 decalogum

91 2782 154 2829 non
175 2765 426 2850 transgrediatur
447 2763 584 2849 alioquin
607 2762 723 2830 feoiens
747 2767 779 2829 et
803 2763 933 2848 diligens
955 2763 1152 2849 iniquitatem
1176 2767 1293 2834 odIsset

89 2876 226 2940 animam
256 2895 348 2942 suam
380 2876 485 2959 sieque
507 2895 564 2941 nee
585 2879 760 2960 proximum
790 2879 952 2960 tamquam
983 2877 1142 2961 seipsum
1165 2878 1293 2963 diligere

90 2991 205 3070 posset,
230 3007 301 3054 eum
321 2990 429 3074 utique
450 3007 507 3054 neo
530 3008 563 3054 se
585 2988 688 3071 ipsum
705 2987 857 3073 diligeret.
881 2988 942 3071 Qui
964 2992 1070 3054 autem
1093 2989 1233 3055 ordinate
1258 3009 1292 3055 se

89 3098 192 3182 ipsum
214 3099 318 3184 diligit
338 3099 440 3182 primo
470 3117 507 3164 ae
528 3117 602 3183 prae
626 3098 770 3166 omnibus
794 3119 886 3165 suum
906 3100 1103 3185 principium,
1138 3102 1221 3184 quod
1243 3105 1292 3168 est

89 3211 183 3293 Deus,
206 3211 325 3295 dilig1t3
359 3211 490 3296 diligens
525 3229 596 3277 vero
629 3211 732 3277 Deum
755 3211 840 3295 ejus,
869 3202 965 3296 'quem
996 3212 1108 3297 diligit,
1144 3212 1292 3278 mandata

91 3323 239 3389 custodit.
284 3322 396 3407 Sitque
417 3342 524 3389 secure
558 3342 591 3388 se
613 3323 652 3387 ad
674 3322 850 3406 proximum
883 3323 1018 3389 ebaritas
1052 3322 1152 3388 tendit
1173 3323 1233 3388 Dei
1254 3341 1291 3390 ao

89 3435 204 3500 suimet
236 3435 400 3501 dilectione
433 3435 568 3500 formata
599 3437 630 3500 et
653 3433 759 3500 obedit
785 3433 854 3517 jam
889 3434 1028 3500 ordinate
1061 3438 1224 3518 praecepto
1246 3436 1290 3500 di·

89 3547 203 3615 centis:
240 3545 405 3631 Diliges
435 3546 660 3629 proximum
694 3548 801 3611 tuum
834 3545 944 3612 sieut
977 3549 1016 3611 te
1038 3545 1223 3633 ipsum‚⁶)
1257 3547 1289 3611 in

88 3677 148 3742 quo
171 3656 322 3723 nimirum
343 3676 404 3724 uno
428 3675 570 3723 sermone
597 3676 688 3722 omne
711 3658 884 3741 completur
907 3658 1099 3724 mandatum.
1144 3657 1192 3725 Sit
1216 3677 1290 3742 ergo

88 3771 204 3835 decena
227 3769 369 3851 ebaritas,
403 3771 440 3834 ιιι
469 3768 569 3851 primo
593 3788 627 3834 ee
647 3768 752 3852 ipsum
783 3769 877 3833 homo
905 3769 1075 3834 seeundum
1106 3768 1208 3833 Deum
1230 3766 1290 3853 etl)

85 3880 152 3964 ejus
175 3877 325 3945 mandata
346 3878 465 3964 diligat.
488 3879 641 3945 Denarius
664 3897 737 3946 nero
758 3878 809 3944 hie
832 3879 1015 3964 duplioetur,
1038 3882 1074 3944 ut
1097 3898 1130 3944 se
1152 3880 1192 3944 ad
1213 3898 1287 3964 pro·

189 4068 209 4140 ¹)
229 4071 313 4126 Malli.
333 4069 377 4125 24.
399 4067 444 4124 22.

190 4166 212 4238 ²)
233 4169 289 4222 eod.
309 4185 388 4236 snpra
406 4185 501 4236 quam
520 4173 609 4238 potest.

187 4268 210 4339 ⁸)
228 4269 250 4323 1.
270 4267 327 4324 Gor,
348 4269 391 4325 10.
411 4267 454 4324 13.

185 4368 209 4439 ⁴)
227 4369 269 4422 Pe.
291 4367 316 4421 9.
336 4368 378 4424 19.

188 4471 208 4535 ⁶)
228 4469 312 4524 Math.
332 4469 377 4527 22.
395 4470 439 4528 39.

187 4567 208 4644 ⁸)
228 4569 283 4624 eod.
303 4575 339 4628 ut
