3168 5214
250 362 314 430 304

250 537 391 599 ereatura
417 533 518 600 brevis
546 536 578 600 et
594 552 699 601 eoram
722 554 755 603 se
777 534 882 621 posita
904 537 962 614 est,
985 537 1139 621 quatenus
1162 542 1194 602 et
1215 537 1281 621 ipse
1302 535 1462 602 muudum

249 645 369 732 pugillo
392 646 557 726 contineat,
580 648 735 728 potestate
751 648 848 730 regat,
874 647 989 714 virtute
1004 649 1139 728 tueatur,
1162 648 1278 731 pietate
1293 645 1460 726 reformet,

249 757 370 842 gratiae
391 755 599 842 perpetuitate
622 759 808 824 conservet?

743 1187 852 1254 (rap.
870 1185 970 1272 LII.

445 1332 491 1400 lle
512 1333 590 1416 alto,
612 1332 690 1417 lato,
713 1333 811 1420 longo
834 1334 868 1401 et
889 1332 1050 1420 profundo
1073 1331 1268 1401 divinitatis.

351 1517 461 1601 Neque
493 1538 565 1584 vero
588 1519 620 1584 in
643 1519 736 1587 Patre
757 1519 824 1586 Deo
860 1523 909 1587 vel
942 1522 1058 1587 molem
1079 1519 1244 1606 giganteae
1277 1521 1326 1586 uel
1359 1537 1458 1606 supra

252 1629 416 1714 giganteae
436 1628 661 1714 magnitudinis
684 1633 739 1694 aut
762 1630 972 1716 corporalium
994 1631 1170 1715 spatiorum
1191 1630 1347 1696 infinitam
1363 1631 1461 1697 diffu-

252 1740 372 1805 sionem
394 1739 610 1825 praedioamus
634 1740 688 1804 sed
711 1738 777 1825 ejus
799 1741 963 1825 longitudo
978 1741 1116 1808 infinitas
1131 1741 1334 1823 aeternitatis,
1355 1743 1460 1808 latum

252 1851 425 1936 amplitudo
450 1850 621 1930 eharitatis,
646 1869 706 1935 qua
729 1852 833 1918 omnia
855 1852 968 1937 diligit,
999 1869 1078 1936 quae
1099 1851 1182 1931 feeit,
1212 1851 1346 1919 altitudo
1368 1855 1461 1936 pote·

252 1963 343 2028 statis
365 1961 493 2028 Domini
515 2010 524 2028 .
547 2009 556 2028 .
579 2011 587 2028 .
609 1982 664 2027 um
687 1968 744 2044 est,
777 1981 838 2048 qua
860 1962 1005 2028 omnibus
1028 1963 1226 2048 praeeminet,
1262 1963 1460 2048 profundum

253 2074 422 2158 sapientiae
443 2073 678 2157 impenetrabile
715 2077 872 2140 seoretum
894 2077 951 2138 est.
976 2072 1072 2158 Cujus
1094 2072 1211 2158 ubique
1233 2093 1302 2140 esse
1324 2078 1372 2142 est
1394 2075 1461 2139 vir·

252 2189 320 2251 tute
342 2186 498 2270 potentiae
519 2186 755 2269 praesentiaque
770 2184 944 2268 majestatis
959 2203 1115 2270 nusquam
1131 2186 1247 2266 deesse,
1271 2203 1461 2268 omnemque

254 2298 282 2362 11
304 2301 478 2363 ereaturam
500 2295 746 2381 praesentialiter
767 2295 895 2361 subesse
918 2299 950 2361 et
971 2297 1091 2363 adesse.
1114 2296 1172 2364 Oui
1192 2297 1299 2381 utique
1315 2301 1462 2363 ereatura

253 2409 313 2476 nisi
334 2409 448 2494 ubique
470 2408 627 2492 praesenti
647 2426 795 2492 praeseus
817 2408 925 2474 adesse
946 2426 1008 2473 non
1029 2410 1146 2492 posset
1167 2406 1292 2474 Etenim
1308 2425 1459 2494 praesens

253 2521 293 2586 ad
313 2523 526 2606 praesentem,
550 2519 632 2586 siout
654 2519 765 2585 similis
787 2519 827 2584 ad
850 2519 989 2585 similem
1011 2519 1156 2586 refertur.

734 2885 844 2952 (rap.
864 2884 985 2940 Lm.

578 3034 623 3100 lle
651 3032 839 3120 praesentia
862 3031 984 3100 (1111111
1006 3031 1133 3119 ubique.

355 3219 508 3286 Praesens
528 3225 634 3287 autem
658 3225 818 3288 ereaturae
852 3238 926 3286 suae
949 3219 1063 3304 ubique
1084 3217 1185 3302 magis
1209 3217 1292 3282 omni
1315 3214 1457 3280 rational

258 3350 352 3415 seque
375 3331 517 3416 diligenti
550 3333 639 3398 adest
672 3333 756 3398 Deus
793 3351 855 3397 uon
878 3332 1002 3416 quidem
1022 3328 1114 3396 looali
1135 3327 1291 3413 positione
1313 3327 1363 3392 vel
1386 3325 1463 3406 situ,

259 3461 337 3525 quae
358 3442 392 3508 in
414 3444 517 3508 Deum
539 3462 602 3508 non
623 3444 716 3524 eadit,
740 3446 794 3509 sed
817 3443 933 3508 uirtute
955 3440 1129 3525 majestatis
1152 3439 1267 3524 ubique
1288 3437 1465 3521 praesenti·

256 3553 346 3619 aliter
378 3553 532 3638 operantis
555 3557 585 3619 et
601 3573 813 3638 quaecumque
836 3553 969 3619 voluerit
983 3553 1016 3617 iu
1031 3551 1175 3616 omnibus
1200 3553 1231 3616 et
1253 3550 1290 3614 de
1313 3545 1460 3614 omnibus

254 3663 407 3745 facientis,
429 3665 511 3730 siout
530 3664 634 3729 anima
656 3683 779 3748 quoque
802 3681 859 3730 suo
882 3664 971 3728 adest
993 3665 1025 3728 et
1045 3662 1128 3728 inest
1150 3659 1281 3744 corpori,
1304 3676 1368 3724 nou
1392 3656 1463 3741 qui·

256 3775 327 3839 dem
349 3777 441 3841 looali
470 3777 623 3860 positione
646 3777 786 3841 dimensa
808 3779 858 3843 vel
879 3775 1018 3854 inolusa,
1052 3770 1190 3855 alioquin
1225 3772 1311 3836 extra
1348 3786 1463 3850 eorpus

256 3885 387 3951 videndo
421 3888 470 3953 uel
503 3889 635 3953 amando
658 3888 779 3972 operari
812 3905 873 3954 uon
906 3888 1022 3970 posset.
1057 3884 1112 3948 sed
1135 3882 1251 3948 virtute
1274 3877 1464 3964 operationis

257 4013 387 4062 manens
412 3999 444 4061 et
465 4014 560 4082 agens
583 3999 615 4063 in
637 4016 784 4084 eorpore,
808 4015 886 4082 quae
907 3997 1007 4082 ipsius
1031 3993 1157 4079 propria
1179 3995 1263 4072 suut,
1285 4009 1342 4056 neo
1362 3987 1465 4073 major

255 4107 289 4172 iu
310 4109 377 4173 toto
401 4125 528 4192 corpore
550 4125 644 4193 quam
665 4109 698 4174 11
720 4109 830 4193 exigua
852 4111 940 4194 parte
962 4105 1101 4190 eorporis
1124 4107 1183 4172 est.
1206 4103 1258 4169 Ita
1280 4120 1354 4187 ergo
1377 4104 1409 4167 et
1430 4099 1465 4166 in

257 4217 381 4286 Christo
398 4221 429 4283 et
442 4218 475 4284 in
491 4218 557 4302 ejus
573 4239 701 4304 corpore
714 4219 943 4304 incorporalem
964 4216 1222 4302 magnitudinem,
1243 4232 1306 4280 nou
1327 4213 1463 4279 localem

257 4328 455 4397 diffusionem
478 4331 566 4415 quasi
587 4332 688 4397 uentis
711 4332 837 4415 aerique
860 4330 1006 4398 subtilius
1029 4327 1175 4394 effoetum
1195 4325 1259 4392 late
1274 4325 1324 4392 vel
1338 4321 1468 4408 ubiquei
1574 4387 1575 4413 ἕ

258 4440 406 4510 diffusum
428 4442 479 4523 sit,
504 4442 557 4509 sed
572 4442 768 4526 spiritualem
785 4441 1034 4530 magnitudinem
1056 4444 1090 4508 et
1110 4457 1235 4508 omnem
1258 4435 1469 4504 1111111111-
