3168 5190
1248 413 1311 479 275

98 591 188 656 gare
210 576 313 640 Deum
340 574 400 640 hoc
421 576 512 659 plane
530 575 690 659 judaizare
721 581 779 645 est.
823 580 898 664 Quis
921 599 1032 666 nempe
1054 581 1152 648 lilium
1176 583 1310 650 hominis

97 684 225 751 Jesum
258 687 361 751 virum
381 685 473 752 illurn
494 684 660 770 probatum
696 707 759 755 non
779 689 876 775 impie
897 693 989 775 atque
1011 691 1160 777 sacrilege
1182 694 1309 778 negabit

100 815 182 862 esse
203 797 328 862 Deum?
361 796 447 879 Qrds,
470 796 606 881 inquam,
640 798 701 864 nisi
722 799 772 866 uel
793 800 933 867 Judaeus
955 802 1004 867 vel
1020 800 1182 885 judaizans
1204 804 1312 872 haere·

99 908 192 975 tiens
215 907 368 974 humanae
399 911 529 973 naturae
551 906 645 974 simul
667 913 700 974 et
720 929 870 994 personae
898 911 931 978 in
954 911 1078 979 Christo
1101 915 1312 981 sanctuarium

100 1036 170 1085 sua
190 1017 366 1104 praesumit
387 1018 549 1088 divinitate
572 1019 728 1104 spoliare?

525 1350 635 1419 Gap.
653 1350 902 1407 xxxvm.

103 1493 276 1566 Hominem
299 1513 370 1566 cunr
392 1497 499 1568 Verbo
527 1517 698 1587 personam
727 1517 792 1568 nou
814 1499 981 1588 duplicare
1003 1498 1147 1588 quamuis
1165 1499 1312 1569 dlrristus
1389 1493 1393 1501 ‘

348 1608 460 1678 divina
482 1629 621 1698 persona
642 1611 676 1680 et
697 1611 837 1681 bumana
858 1630 999 1700 persona
1021 1611 1074 1680 sit.

212 1795 268 1862 Vir
289 1815 423 1882 namquo
456 1801 488 1865 et
520 1800 603 1866 lilius
637 1799 771 1866 hominis
804 1803 936 1866 naturae
968 1799 1122 1865 humanae
1155 1799 1250 1866 simul
1281 1803 1312 1866 et

106 1925 263 1993 personae
282 1907 316 1972 in
338 1908 461 1976 Christo
479 1911 605 1976 nomina
627 1914 716 1993 sunt,
742 1910 883 1995 quamvis
905 1909 952 1975 illi
974 1911 1138 1977 adstmant
1160 1927 1311 1995 personae

107 2017 237 2084 nomine
258 2020 360 2085 solum
383 2020 416 2086 in
439 2019 563 2088 Christo
586 2021 725 2090 Verbum
747 2041 810 2088 non
832 2023 928 2088 etiarn
949 2022 1108 2090 hominem
1131 2023 1311 2108 significari,

109 2132 267 2210 macutes,
287 2133 324 2196 ut
345 2132 492 2212 aestimo,
514 2150 553 2198 ne
576 2131 604 2198 si
623 2132 781 2200 homiuem
802 2151 967 2218 personam
989 2134 1127 2201 dicerent
1147 2151 1312 2218 personam

106 2239 145 2304 in
167 2238 291 2306 Christo
315 2240 518 2324 duplicarent,
553 2261 588 2308 eo
612 2244 694 2327 quod
716 2244 838 2310 nemine
869 2245 1099 2311 contradicente
1122 2243 1259 2310 Verbum
1281 2245 1314 2309 in

105 2349 234 2418 Christo
267 2369 402 2436 persone
424 2352 467 2418 sit
488 2353 594 2437 sicque
623 2353 690 2439 jam
722 2374 785 2420 non
819 2355 943 2420 trinitas
977 2356 1031 2421 sed
1066 2354 1258 2439 quaternitas
1280 2354 1313 2419 in

104 2459 350 2528 christianorum
371 2464 493 2529 eudtura
508 2468 600 2532 esset.
624 2466 669 2531 At
690 2485 748 2533 nos
769 2466 843 2532 licet
859 2466 1010 2532 catholice
1026 2465 1158 2531 dicimus
1174 2465 1313 2532 Verbum

105 2572 168 2638 Dei
191 2574 273 2657 quod
295 2573 443 2641 nimirum
465 2594 598 2660 persona
620 2580 752 2643 estnon
775 2578 984 2662 assumpsisse
999 2594 1163 2661 personam
1178 2576 1312 2642 hominis
1383 2574 1386 2580 ’

106 2685 165 2750 sod
186 2688 340 2768 naturam,
365 2704 400 2752 eo
424 2689 507 2772 quod
529 2690 601 2754 ante
623 2688 870 2773 assumptionem
884 2705 1015 2771 persona
1030 2705 1125 2770 quam
1140 2691 1313 2754 assumeret

106 2815 172 2863 non
193 2798 264 2879 luit,
286 2818 359 2865 oum
381 2802 486 2866 tamen
515 2803 627 2866 natura
647 2803 680 2866 et
699 2801 800 2866 forma
830 2801 868 2866 de
890 2817 950 2884 qua
973 2801 1005 2865 et
1027 2799 1197 2864 secundum
1219 2815 1312 2882 quam

106 2908 267 2975 hominem
289 2914 462 2976 assumeret
483 2914 566 2976 esset
589 2911 691 2991 simul,
722 2916 753 2977 et
784 2931 822 2976 ne
846 2911 1015 2978 secuudum
1037 2909 1220 2978 Nestorium
1242 2929 1312 2994 per-

107 3038 220 3086 sonam
236 3021 268 3086 in
284 3020 408 3088 Christo
431 3022 636 3108 duplicemus,
657 3023 859 3088 nihilominus
875 3027 907 3089 et
921 3023 981 3089 hoo
1001 3021 1151 3090 catholice
1169 3020 1311 3102 dicimus,

108 3133 193 3216 quod
225 3130 318 3197 homo
352 3153 434 3200 nunc
465 3138 646 3218 assumptus
669 3134 702 3199 in
724 3135 825 3201 Deum
860 3152 922 3202 una
952 3153 1023 3200 oum
1045 3132 1147 3200 Verbo
1181 3149 1313 3217 persona

107 3247 168 3311 est.
212 3243 294 3327 Quid
316 3247 398 3312 enim
417 3247 502 3313 aliud
535 3249 584 3311 est
598 3245 763 3311 'hominem
786 3265 804 3312 a
827 3245 930 3312 Verbo
967 3249 1167 3332 assumptum
1190 3263 1258 3310 esse
1279 3243 1313 3309 iu

106 3370 274 3437 personam
306 3357 366 3422 nisi
389 3357 493 3422 taliter
515 3359 608 3440 atque
630 3357 669 3421 ad
690 3356 750 3422 hoc
787 3362 987 3443 assumptum
1009 3377 1078 3424 esse
1099 3356 1254 3422 hominem
1277 3358 1313 3420 ut

107 3465 151 3531 sit
172 3483 235 3530 una
257 3485 328 3532 oum
350 3467 452 3534 Verbo
486 3468 519 3533 in
554 3467 709 3534 Trinitate
737 3473 893 3553 persona?
937 3468 1078 3536 Verbum
1099 3487 1243 3550 namque,
1276 3469 1313 3531 ut

107 3576 129 3643 J
131 3577 267 3644 ohannes
283 3580 495 3646 Damascenus
512 3599 632 3665 quoque
647 3583 790 3661 testatur,
814 3599 905 3647 suam
920 3579 1178 3664 personalitatem
1191 3577 1311 3642 homini

108 3688 252 3770 eontulit,
287 3709 348 3755 non
372 3680 497 3775 quidem
520 3696 556 3758 ut
578 3709 646 3758 eam
669 3691 808 3758 Verbum
841 3692 1001 3758 amitteret
1031 3692 1087 3756 sed
1106 3693 1142 3755 ut
1164 3687 1256 3754 homo
1279 3688 1312 3753 in

107 3798 331 3885 proprietatem
363 3804 596 3886 personalitatis
619 3802 713 3870 Verbi
751 3803 907 3870 transiret.
953 3802 1121 3868 Videamus
1155 3803 1262 3866 autern
1283 3799 1311 3866 si

107 3911 201 3979 homo
234 3915 487 3998 personalitatem
521 3916 679 4001 propriam
701 3915 797 3984 Verbi
829 3915 932 4001 potuit
964 3911 1123 3998 suscipere
1144 3915 1176 3977 et
1197 3912 1313 3978 virtute

107 4028 237 4092 naturae
259 4043 295 4092 uo
317 4024 449 4093 renate
471 4026 591 4095 formae
614 4029 735 4094 diuinae
758 4047 871 4095 oerore.
894 4027 984 4111 Quod
1005 4044 1063 4111 ego
1086 4025 1171 4092 nulla
1193 4023 1312 4088 ratione

107 4155 237 4222 possum
259 4137 415 4222 resipere,
434 4137 509 4206 licet
528 4157 591 4205 non
613 4139 716 4206 desint
748 4140 899 4205 etiamen
921 4139 1046 4218 nostris,
1079 4138 1134 4222 qui
1155 4134 1312 4202 hominem

107 4248 141 4314 in
162 4265 329 4333 personam
350 4267 414 4314 non
437 4249 533 4316 etiam
555 4249 588 4316 in
610 4252 756 4316 naturam
777 4251 828 4316 uel
842 4248 1107 4318 naturaediuinae
1121 4245 1311 4314 consortium

108 4363 307 4444 assumptum
330 4381 399 4427 esee
424 4360 593 4430 fateantur.
637 4361 726 4444 Quod
749 4361 776 4427 si
798 4361 899 4428 dicere
921 4362 1030 4427 volunt
1061 4359 1219 4426 hominem
1249 4376 1312 4425 non

107 4469 153 4538 ita
173 4476 374 4559 assumptum
396 4490 465 4538 esse
487 4470 521 4538 in
534 4476 678 4539 naturam
699 4472 845 4553 divium,
868 4475 904 4539 ut
925 4471 987 4557 ipsi
1008 4470 1312 4636 ἀίιίιιίιιιίῙιὸἐιιιιιιι
