3168 5190
1261 411 1327 476 253

123 578 181 654 est
216 575 267 640 oui
290 592 382 639 omno
403 573 544 640 clausurn
567 577 663 656 patet,
699 593 789 641 omne
818 576 952 641 solidum
976 577 1058 644 aedit
1080 583 1112 645 et
1132 581 1217 646 volnt
1238 581 1329 647 inane

123 689 155 751 et
175 685 311 751 nihilum
333 687 496 768 reputatur
518 685 556 752 oi.
579 683 645 751 Suo
669 688 775 752 tamen
797 689 933 771 quodam
953 690 1192 757 inaestimabilis
1215 693 1325 778 digna·

122 796 217 862 tionis
240 798 333 861 modo
357 795 432 862 foris
455 799 542 862 stans
566 799 604 862 ad
628 798 745 864 ostium
767 799 898 866 dilectae
920 802 1043 866 animae
1064 804 1172 887 pulsat
1194 824 1327 888 sponsus

121 909 206 973 Deus
241 911 350 992 petens
386 907 446 974 sibi
479 929 536 994 per
557 909 651 974 fidem
674 915 706 976 et
728 910 925 978 dilectionem
947 915 1070 999 aperiri,
1106 918 1257 998 quatenus
1279 917 1329 982 iu·

121 1039 248 1106 gressus
282 1020 321 1085 ad
357 1037 426 1086 eam
447 1022 590 1104 epuletur
622 1021 655 1086 in
687 1021 776 1088 bonis
810 1021 894 1088 illius
915 1027 946 1090 et
968 1026 1036 1109 ipsa
1057 1026 1089 1090 in
1112 1027 1186 1095 suis.
1231 1028 1329 1095 Novit

121 1132 367 1198 adolescentulas
402 1132 522 1198 animas
555 1149 687 1216 quarum
722 1152 785 1199 non
810 1138 860 1200 est
881 1155 1029 1203 numerus
1051 1157 1108 1204 suo
1131 1157 1237 1206 amore
1259 1142 1329 1226 dig·

120 1246 231 1309 nanter
254 1243 453 1328 praevenim3
472 1245 560 1310 novit
582 1245 705 1329 reginas
728 1246 847 1312 animas
871 1249 920 1312 vel
944 1266 1020 1332 quas
1042 1249 1075 1313 in
1098 1251 1236 1335 regimen
1258 1271 1328 1335 pro·

120 1372 244 1420 morere
265 1355 409 1435 intendit,
442 1355 586 1421 arctioris
621 1354 681 1421 sibi
714 1358 830 1423 amoris
853 1358 976 1424 vinomo
999 1360 1154 1427 devincire
1176 1380 1213 1427 ao
1234 1363 1325 1428 donis

119 1466 327 1553 amplioribus
350 1467 526 1534 honestare.
559 1466 657 1534 Novit
679 1486 773 1533 unam
796 1469 1014 1552 columbam‚¹)
1036 1489 1132 1536 unam
1154 1472 1331 1555 perfectam.

121 1597 220 1662 suam,
255 1597 353 1645 unam
374 1581 428 1646 uni
450 1580 599 1646 666166166
633 1580 727 1645 matri
760 1581 849 1646 unice
870 1581 1016 1646 dilectam
1038 1581 1205 1666 singularis
1228 1582 1328 1666 privi-

119 1693 201 1778 legio
235 1691 353 1757 amoris
387 1691 516 1776 diligero
537 1709 574 1758 ao
596 1691 683 1757 verbi
715 1691 764 1756 sui
798 1693 863 1757 sive
886 1691 1048 1758 scribendo
1083 1694 1148 1760 sivo
1170 1694 1325 1778 loquendo

119 1807 254 1870 matrem
277 1802 409 1869 elfioere.
453 1802 551 1868 Novit
570 1801 647 1868 ioris
670 1807 745 1888 post
765 1803 918 1889 parietem
952 1803 1162 1887 corruptibilis
1186 1805 1325 1890 eorporis

117 1915 218 1982 nostri
242 1917 330 1979 stans
353 1913 571 1998 perforamen
593 1913 763 1998 spiritualis
777 1894 953 1982 affectionis
976 1933 1105 2004 manum
1126 1916 1166 1980 ad
1188 1916 1326 1982 animam

118 2028 266 2093 dilectam
288 2042 324 2090 ao
347 2025 527 2110 diligentem
549 2024 767 2107 intromittere,
800 2029 836 2092 ut
859 2029 965 2091 venter
986 2025 1108 2092 animae
1129 2026 1325 2093 intremiscat

119 2142 158 2206 ad
178 2142 303 2204 tactum
324 2134 451 2222 illius‚⁹)
474 2136 562 2202 norit
577 2135 887 2220 supersubstantialis
909 2138 1024 2203 amoris
1049 2138 1097 2202 sui
1118 2157 1179 2203 usu
1201 2141 1233 2202 et
1256 2138 1324 2204 effi·

119 2251 232 2318 aientia
255 2247 395 2314 sensibili
416 2249 526 2333 virque
548 2248 702 2314 humanae
730 2249 853 2316 animae
874 2249 1032 2315 interdum
1055 2247 1210 2322 tolerabili
1231 2247 1325 2333 abys-

12 2389 13 2404 1
120 2382 190 2429 sum
213 2361 280 2446 ejus
302 2360 423 2442 ingredi
436 2360 530 2444 idque
548 2359 581 2424 in
596 2376 632 2424 ea
648 2360 777 2426 seeretis
800 2359 992 2445 amplexibus
1016 2359 1146 2444 operari,
1170 2362 1206 2424 ut
1220 2359 1325 2424 anima

119 2476 191 2542 talis
225 2493 306 2540 uuus
340 2490 412 2539 eum
445 2487 481 2534 66
504 2470 634 2556 spiritus
658 2470 768 2537 effecta
799 2473 934 2555 amplius
968 2471 1083 2536 sterilis
1118 2490 1180 2537 non
1203 2471 1245 2536 sit
1268 2473 1323 2538 sed

120 2607 251 2675 surgens
274 2586 384 2652 eodem
405 2583 517 2669 spiritu
539 2582 714 2648 confortata
737 2582 833 2648 faeiat
855 2583 937 2648 siout
958 2582 996 2646 do
1018 2581 1084 2647 viro
1100 2581 1324 2647 desideriorum

12 2749 13 2784 p
120 2699 274 2783 seriptum
295 2699 344 2762 est
365 2712 460 2782 opera
483 2694 576 2780 rogis.
620 2694 688 2762 Aut
708 2714 781 2760 vero
803 2693 937 2760 inaniter
965 2693 1080 2758 amoris
1101 2693 1222 2758 oantioa
1243 2693 1324 2759 inter
1381 2702 1382 2709 ’

12 2831 13 2880 l
120 2810 223 2874 Deum
238 2809 269 2872 et
284 2806 421 2871 animam
436 2803 547 2870 divinis
564 2803 772 2870 voluminibus
787 2805 905 2870 inserta
920 2808 993 2870 sunt
1008 2823 1037 2872 v.
1053 2823 1099 2890 gr.
1117 2806 1324 2870 oseulatur

12 2909 13 2914 ’
120 2941 176 2986 me
199 2919 341 2984 osculo
364 2917 446 2983 oris
471 2915 530 2983 sui
544 2914 570 3002 8)
592 2916 624 2980 et
646 2915 891 2982 cotoraiuhuno
911 2917 1040 2982 modum
1062 2915 1154 3000 idque
1177 2916 1260 2999 quod
1276 2917 1322 2981 ait

119 3030 303 3118 psalmista:
338 3030 522 3094 torrente
555 3028 781 3112 voluptatis
804 3031 900 3094 tuae
921 2993 1081 3112 potabis
1105 3029 1209 3112 eos⁴)
1242 3027 1323 3113 figu-

12 3231 13 3236 1
119 3148 188 3210 rate
207 3143 247 3208 de
268 3143 334 3206 Deo
358 3145 390 3205 et
411 3159 474 3207 non
495 3139 528 3205 in
550 3140 681 3206 veritate
703 3140 899 3205 sentiendum
921 3141 994 3204 ost?
1016 3135 1119 3203 Immo
1142 3159 1213 3208 vero
1238 3143 1323 3210 Deus

120 3255 164 3320 ita
185 3273 258 3320 vere
282 3250 415 3317 ebaritas
438 3254 470 3317 et
490 3247 652 3317 rationalis
683 3255 842 3318 creaturae
863 3251 909 3317 ita
932 3251 1040 3318 elfioar
1061 3256 1184 3318 amator
1206 3257 1264 3334 est,
1288 3257 1325 3320 ut

121 3366 253 3432 camelis
286 3382 374 3429 amor
408 3362 475 3447 ojus
505 3363 605 3429 amori
640 3366 837 3448 comparatus
872 3361 1036 3429 umbrant
1059 3363 1163 3448 imago
1186 3364 1237 3443 sit,
1271 3363 1324 3432 ille

120 3494 192 3542 roro
216 3474 260 3541 sit
281 3474 396 3540 ueritas
423 3477 456 3540 et
477 3473 654 3542 substantia
675 3473 778 3558 hujm.

223 3587 282 3655 Sed
305 3605 361 3651 our
382 3585 444 3651 ista
465 3585 698 3670 prosequimur,
727 3585 790 3650 nisi
811 3589 847 3651 ut
868 3587 1026 3672 singulare
1047 3583 1178 3671 virginis
1200 3585 1325 3670 privile·

120 3699 207 3784 gium
232 3696 407 3775 efferamus
441 3713 534 3779 quam
567 3695 717 3780 singulari
749 3717 809 3761 usu
843 3697 988 3762 divinitae
1022 3694 1082 3764 sibi
1115 3696 1268 3781 templum
1291 3701 1324 3765 et

121 3825 269 3892 sponsam
303 3807 443 3873 dedicare
466 3807 593 3892 dignata
615 3809 672 3888 est,
706 3825 799 3891 quam
821 3807 932 3874 divinis
955 3808 1150 3893 amplexibus
1174 3811 1241 3874 tota
1264 3809 1324 3875 sibi

121 3919 258 3985 Trinitas
280 3918 356 3983 adeo
380 3916 528 4002 subjecit,
559 3921 595 3982 ut
618 3916 756 3983 Verbum
778 3918 837 3982 Dei
858 3919 944 3984 Deus
968 3918 1079 3984 semini
1102 3919 1204 3986 earnis
1226 3921 1323 4007 virgi-

120 4031 199 4098 nalis
222 4030 346 4095 unitum
369 4030 523 4112 templum
545 4029 683 4113 eorporis
706 4029 755 4094 sui
777 4029 815 4094 de
836 4047 928 4096 earne
949 4029 1010 4096 sibi
1025 4031 1163 4115 virginea
1178 4033 1325 4099 conderet

120 4143 160 4207 ad
181 4159 308 4208 omnem
330 4160 423 4206 usum
456 4141 612 4206 formandi
641 4138 774 4206 hominis
797 4159 985 4225 pernoram
1007 4142 1162 4208 mensium
1185 4143 1324 4228 spatium

120 4253 239 4340 proprii
254 4247 465 4318 substantiam
479 4251 620 4338 eorporis
636 4251 754 4336 virgine
769 4251 992 4320 ministrante?
1015 4251 1077 4320 Sed
1091 4254 1324 4339 generationem

125 4467 130 4480 '
224 4485 379 4558 666116.
401 4485 427 4543 a.
446 4486 472 4543 s.
498 4516 530 4527 -
556 4490 576 4553 2)
598 4483 661 4541 cano
688 4484 713 4541 5.
734 4485 759 4541 4.
788 4491 820 4525 ‘-
848 4481 869 4553 8)
888 4482 959 4540 aaut.
980 4485 1050 4542 1.1.
1071 4513 1104 4526 -
1125 4482 1147 4555 ⁴)
1166 4485 1209 4541 Pe.
1229 4485 1274 4541 35.
1296 4486 1322 4542 9.
