3158 5212
592 1500 890 1647 Prologus

373 1721 409 1787 in
430 1720 532 1789 libros
560 1721 601 1789 dc
621 1722 877 1810 investigatione
897 1723 1106 1794 antichristi.

238 1935 331 2070 luter
344 1980 445 2046 libros
460 1997 481 2042 a
496 1976 647 2044 Gerhoho
664 1980 863 2066 conscriptos
884 1981 1095 2066 praecipuum
1117 1985 1224 2051 locum
1235 1991 1346 2053 tenent

122 2087 212 2153 libri
236 2088 298 2153 III.
322 2087 370 2152 de
393 2087 724 2173 investigatione
747 2085 1022 2153 Antichristi.

238 2193 353 2260 Partes
375 2195 432 2280 huj
434 2214 472 2262 us
496 2194 603 2282 operis
633 2192 703 2277 jam
725 2187 897 2258 Gretserus
925 2198 959 2257 et
980 2191 1125 2259 Jodocus
1148 2194 1249 2278 Stttln,
1283 2195 1345 2260 viri

124 2296 174 2362 de
200 2296 240 2362 lit
226 2303 367 2363 terarum
390 2300 558 2384 republica
585 2296 706 2382 optime
729 2295 845 2376 meriti,
880 2295 1060 2378 ediderunt,
1038 2298 1180 2382 t·p1ior
1201 2296 1235 2363 in
1257 2305 1346 2364 tomo

126 2401 193 2465 VI
217 2420 349 2484 operum
379 2397 510 2469 saiorum
543 2402 603 2469 sub
637 2400 763 2479 titulo,
767 2397 920 2480 ,Gerbohi
942 2407 1118 2485 syntagma
1140 2401 1181 2467 de
1203 2402 1344 2468 Hemico

125 2504 190 2570 IV
215 2505 340 2587 etV.,“
370 2507 563 2592 posterior'
554 2527 588 2572 m
610 2503 730 2570 Archiv
756 2448 813 2567 lor
839 2503 958 2568 Kunde
981 2511 1113 2571 oesterr.
1138 2505 1342 2572 Geschiohts·

128 2606 275 2692 quellen,
299 2615 376 2676 tom.
395 2611 475 2676 XX.

235 2713 270 2778 P.
295 2711 467 2780 (iretserus
490 2715 531 2780 de
553 2734 631 2779 cura
654 2713 740 2778 circa
773 2709 939 2796 hocopus
962 2711 1135 2778 Gerhohi
1125 2735 1273 2800 impensa
1297 2714 1344 2781 sic

128 2815 262 2881 scribit:
307 2818 486 2899 „Quaesivi
520 2819 603 2884 duos
635 2817 733 2882 hosce
766 2820 824 2880 aut
825 2835 898 2881 ores
933 2814 1135 2901 (Geshohum
1164 2818 1289 2884 seilicet
1310 2825 1344 2884 et

128 2920 271 2986 Paulum
304 2921 646 3042 Bernriedensem)rn
668 2919 983 2986 Bavariaetextra
1006 2921 1189 3005 diligenter,
1223 2922 1342 3007 partim

128 3045 208 3090 mea
228 3027 348 3111 partim
370 3028 546 3094 amicorum
567 3047 676 3112 opera,
699 3044 759 3088 nec
781 3022 917 3108 repe1u.“
925 3023 949 3108 ¹)
974 3025 1018 3090 At
1039 3046 1112 3091 cum
1134 3025 1339 3092 Monaohium

129 3130 276 3197 venisset
299 3129 476 3198 Gewoldus
509 3133 539 3197 ei
564 3132 619 3197 diu
642 3129 857 3211 conquisitum
882 3127 1024 3195 Gerhohi
1064 3149 1145 3214 opus
1167 3129 1253 3196 ultro
1276 3135 1341 3194 tra·

130 3232 226 3298 didit.
265 3235 321 3301 Sic
359 3237 460 3301 enim¹
479 3236 670 3303 Gewoldum
708 3231 874 3318 altatare)
919 3233 992 3315 „Tu
1026 3232 1188 3299 Gerohum
1223 3233 1342 3315 ubique

129 3339 288 3422 gentium,
324 3343 423 3406 etiam
457 3340 742 3422 Reichersbergae,
776 3337 897 3402 frustra
926 3357 947 3402 a
976 3358 1037 3418 me,
1076 3339 1153 3402 licet
1185 3357 1342 3421 perquam

127 3441 285 3525 studiose,
317 3447 510 3529 quaesitum,
544 3465 586 3509 ex
622 3442 756 3508 latebris
779 3439 933 3522 eduxisti,
967 3441 1184 3524 eductumque
1206 3439 1284 3504 mihi
1307 3440 1341 3502 in

130 3568 248 3613 manus
271 3549 446 3615 tradidisti.
474 3551 549 3614 Non
583 3550 683 3632 igitur
712 3552 839 3610 tantum
872 3546 1021 3628 ingratus
1054 3545 1112 3610 sed
1145 3552 1179 3610 et
1211 3543 1341 3610 omnino

129 3650 369 3718 inverecundus
391 3674 505 3735 essem,
539 3654 567 3718 si
591 3651 803 3718 Geroehianis
825 3651 974 3735 postibus
1008 3652 1108 3715 aliurn
1131 3651 1260 3715 titulum
1283 3667 1340 3732 ap·

128 3755 317 3839 penderem,
341 3778 438 3840 quam
458 3759 572 3823 istum:
597 3757 637 3822 D.
662 3754 913 3838 christophorus
936 3753 1112 3820 Gewoldus
1133 3753 1286 3837 reperit.“

233 3861 355 3945 Elapso
386 3868 462 3947 post
494 3861 681 3926 Gretserum
715 3859 845 3924 saeculo
879 3859 940 3924 hoo
974 3878 1055 3943 opus
1082 3859 1116 3923 P.
1152 3857 1246 3921 Bern.
1271 3856 1334 3921 Pet

128 3983 166 4028 se
190 3963 522 4050 editurumpromisit.
546 3965 602 4030 Sic
624 3963 710 4029 enim
730 3963 842 4028 scribit
862 3963 896 4027 in
910 3961 1099 4048 „Thesauro
1122 3981 1180 4028 suo
1201 3959 1339 4026 anecdo-

12 4074 21 4101 ¹
127 4073 235 4132 torum
268 4066 465 4134 ιιοιίειίιιιοιι
499 4075 575 4136 tom.
610 4070 648 4135 V.
687 4067 764 4132 diss.
788 4068 869 4150 isag.
893 4067 953 4133 IX.
987 4066 1050 4150 „de
1084 4063 1339 4148 investigatione

127 4170 323 4238 Antichristi
356 4180 390 4239 et
423 4172 595 4239 schismate
629 4173 703 4240 libri
737 4172 780 4236 II.
815 4170 859 4235 ad
892 4168 1118 4237 Eberhardum
1151 4167 1338 4252 Archiepis·

127 4295 248 4358 eopum
271 4275 551 4361 salzburgensem.
595 4277 664 4343 Hos
687 4297 729 4341 ex
751 4275 863 4341 codiee
886 4275 1192 4358 Reiehersbergensi
1224 4274 1337 4358 praelo
