3168 5190
254 411 317 476 212

251 581 349 648 Aliud
382 582 430 645 111
462 580 544 644 euim
568 580 688 645 malum
719 578 821 644 facere
842 582 879 644 ut
899 579 978 644 fiant
1008 578 1106 659 bona,
1140 579 1223 664 quod
1253 600 1459 667 nequaquam

252 694 357 761 docuit
378 695 433 758 aut
454 694 564 760 docere
585 691 692 758 debuit
713 691 873 774 apostolus
895 693 989 773 atque
1010 690 1096 756 aliud
1116 689 1235 756 bonum
1256 691 1358 759 facero
1379 695 1461 778 quia

251 807 371 872 malum
391 805 510 871 factum
533 804 585 888 sit,
607 807 643 868 ut
657 801 711 868 ubi
725 801 895 867 abundavit
908 805 1073 885 peccatum
1088 801 1318 886 superabundet
1338 806 1458 889 gratia,

252 918 336 1001 quod
357 917 464 1002 utique
485 915 604 981 bonum
626 923 658 980 et
680 932 759 998 opus
781 913 840 978 Dei
863 916 920 978 111.
943 911 1052 997 Neque
1074 931 1147 979 vero
1169 915 1346 999 putandum
1355 916 1460 1001 primi

252 1029 388 1095 hominis
410 1030 576 1113 peccatum
607 1025 696 1110 qnasi
718 1025 837 1092 bonum
858 1026 1035 1092 faciendum
1063 1025 1161 1093 fuisse
1182 1047 1237 1110 per
1258 1028 1341 1111 quod
1363 1031 1460 1092 tanta

249 1139 339 1207 nobis
361 1141 444 1208 bona
466 1141 622 1207 declarata
637 1143 719 1208 sunt.
742 1136 833 1206 Sicut
855 1140 938 1204 enim
959 1158 1050 1204 nemo
1074 1157 1186 1204 sanum
1207 1140 1331 1226 sapiens
1353 1139 1459 1206 coeci-

250 1254 349 1317 tatem
370 1249 488 1317 bonum
511 1249 595 1330 111111,
632 1253 773 1334 quamvis
796 1249 863 1336 ejus
887 1251 1118 1336 comparatione
1139 1251 1217 1316 lucis
1239 1249 1356 1317 bonum
1373 1251 1457 1316 omi-

249 1366 331 1442 neat‚
354 1363 399 1429 sic
422 1381 512 1428 nemo
529 1361 706 1447 superbiam
722 1366 754 1428 et
767 1362 1008 1429 inobedientiam
1028 1363 1216 1447 protoplasti
1238 1361 1330 1429 debet
1350 1361 1455 1428 bonas

249 1474 358 1555 dicere,
393 1475 534 1559 quamvis
568 1491 675 1540 earum
709 1476 870 1542 occasione
892 1474 1009 1542 Christi
1039 1475 1201 1540 humilitas
1223 1478 1255 1540 et
1276 1473 1455 1540 obedientia

247 1605 304 1670 pro
326 1585 416 1652 nobis
439 1589 583 1671 suscepta
606 1585 784 1653 salutiferae
804 1586 894 1653 nobis
917 1587 1093 1652 declaratae
1107 1586 1181 1652 sint.
1204 1584 1265 1652 Sed
1287 1604 1344 1652 nec
1365 1586 1453 1652 coeci

248 1694 331 1762 illius
365 1698 547 1763 coecitatem
580 1696 696 1763 bonam
731 1697 869 1779 dixerim
906 1717 999 1783 quem
1032 1698 1187 1764 Dominus
1207 1699 1274 1764 luto
1297 1699 1335 1764 de
1357 1702 1452 1783 sputo

248 1807 332 1874 facto
357 1809 487 1889 curavit,
522 1810 663 1892 quamvis
686 1810 724 1874 de
747 1811 855 1875 eodem
877 1811 1030 1876 Dominus
1062 1810 1249 1877 testificatus
1282 1809 1333 1890 sit,
1367 1811 1453 1893 quod

247 1936 389 2004 neque
421 1921 795 2003 illepecoaverit
827 1939 971 2004 neque
1003 1924 1225 2006 parentes
1249 1921 1348 2005 ejus
1374 1923 1453 1988 sod

247 2033 294 2096 ut
326 2031 754 2098 manifestarentur
791 2049 929 2116 opera
965 2032 1043 2097 Dei
1081 2029 1272 2117 inillo.¹)
1315 2031 1399 2098 Nam
1424 2032 1452 2097 si

246 2140 327 2206 bona
368 2143 500 2208 coecitas
537 2143 591 2209 1111
621 2143 732 2209 fuisset
763 2161 961 2227 nequaquam
992 2142 1147 2208 Dominus
1181 2161 1250 2209 eum
1283 2145 1321 2209 de
1353 2147 1448 2227 sputo

247 2271 304 2319 suo
341 2254 408 2319 luto
437 2253 521 2320 facto
555 2258 714 2333 curasset;
758 2274 839 2321 nunc
883 2259 989 2320 autem
1031 2257 1115 2320 mala
1152 2255 1278 2338 quidem
1314 2254 1450 2320 coecitas

249 2365 303 2431 sed
334 2364 451 2431 bonum
483 2366 560 2430 illud
592 2367 694 2431 lutum
726 2366 787 2431 fuit
821 2366 879 2433 sub
914 2385 975 2450 quo
1008 2367 1168 2433 coecitatis
1201 2366 1321 2432 malum
1358 2383 1451 2431 cura·

248 2480 316 2542 tum
360 2480 417 2544 est.
463 2476 525 2543 Sed
560 2496 623 2543 non
657 2481 688 2543 te
731 2478 879 2544 inducant
923 2478 1018 2544 verba
1061 2478 1228 2563 evangelii,
1274 2480 1311 2542 ut
1354 2476 1449 2542 simili

249 2590 341 2655 modo
374 2589 475 2670 dicas,
511 2590 584 2673 quia
615 2607 672 2654 neo
704 2589 823 2672 primus
855 2590 948 2654 homo
982 2607 1039 2656 neo
1071 2605 1184 2674 parens
1222 2587 1288 2673 ejus
1310 2588 1343 2654 in
1365 2589 1449 2655 malo

249 2700 389 2766 diabolus
412 2700 559 2784 peccavit
594 2700 648 2765 sed
669 2703 706 2764 ut
727 2698 1001 2765 manifestarentur
1034 2717 1128 2785 opera
1146 2699 1206 2766 Dei
1226 2700 1260 2766 in
1280 2699 1354 2778 illo;
1387 2717 1451 2765 non

249 2812 333 2876 enim
367 2812 538 2878 similitudo
571 2831 629 2897 per
662 2811 766 2876 omnia
801 2815 858 2876 111.
902 2811 1035 2897 Insuper
1067 2815 1099 2876 et
1131 2811 1265 2891 attende,
1300 2810 1450 2894 quoniam

249 2923 382 2988 coecitas
405 2924 438 2988 in
460 2924 548 2989 oculo
571 2923 683 2988 vitium
706 2922 830 3006 quidem
854 2923 908 2987 sed
929 2927 1093 3007 peccatum
1114 2942 1177 2989 non
1199 2927 1256 2989 est.
1303 2923 1340 2988 In
1363 2939 1450 2988 crea-

248 3037 319 3100 tura
341 3053 414 3100 11111
437 3035 590 3114 rationali,
629 3034 716 3118 cujus
751 3037 911 3101 oculorum
945 3036 1061 3102 sanitas
1095 3036 1197 3102 cordis
1230 3033 1385 3100 munditia
1418 3034 1450 3098 et

249 3144 337 3228 cujus
369 3145 474 3210 lumen
508 3144 643 3211 charitas
677 3149 733 3224 est,
770 3165 830 3230 qua
863 3145 955 3212 debet
984 3147 1084 3230 primo
1117 3149 1278 3212 auctorem
1312 3143 1449 3208 muneris

248 3256 359 3336 Deum,
384 3256 492 3321 deinde
513 3258 643 3322 naturae
665 3259 843 3322 consortem
857 3257 889 3321 in
905 3258 970 3322 Deo
993 3275 1029 3323 11
1044 3261 1170 3342 propter
1185 3258 1288 3323 Deum
1309 3253 1448 3339 diligere,

250 3367 382 3433 coecitas
415 3384 487 3432 vero
510 3366 701 3451 ingratitudo
731 3368 780 3432 vel
803 3368 908 3433 odium
931 3371 963 3433 et
984 3366 1147 3434 obduratio
1170 3368 1271 3434 cordis
1295 3369 1352 3445 est,
1386 3383 1449 3430 non

247 3480 353 3563 potest
386 3477 538 3561 ejusmodi
572 3477 704 3543 coecitas
727 3482 906 3562 'peccatum
927 3497 990 3544 non
1012 3499 1090 3547 1111.
1134 3481 1224 3547 Unde
1245 3478 1387 3563 quamvis
1410 3478 1449 3542 de

186 3667 193 3681 ν
248 3589 340 3671 primi
372 3588 506 3653 hominis
539 3591 668 3673 peccato
702 3589 802 3672 gloria
824 3592 883 3656 Dei
915 3591 1091 3674 provenerit
1112 3607 1149 3656 ac
1171 3589 1296 3656 divitiae
1328 3586 1449 3674 gratiae

247 3698 313 3781 ejus
346 3697 562 3765 manifestatae
595 3700 658 3765 sint
679 3700 783 3783 ipsum
804 3703 910 3767 tamon
945 3705 1108 3786 peccatum
1140 3719 1204 3766 non
1238 3700 1357 3767 bonum
1392 3698 1448 3764 sed

247 3812 366 3875 malum
388 3827 424 3876 ac
440 3811 505 3876 Deo
529 3811 642 3878 odibile
664 3811 775 3878 extitit.
799 3811 947 3897 Alioquin
969 3832 1026 3898 pro
1048 3813 1116 3896 ipso
1138 3815 1266 3895 peceato
1289 3812 1371 3896 quod
1392 3827 1450 3876 na·

247 3923 352 3986 turam
384 3920 462 3987 bene
495 3920 534 3986 ab
555 3922 625 4007 ipso
649 3922 806 3988 conditam
840 3924 1004 3991 vitiaverat
1036 3923 1186 4009 expiando
1209 3925 1333 3990 tantum
1355 3939 1448 4005 opere

247 4048 309 4097 non
330 4031 542 4117 impendisset.

248 4439 496 4450 ...ν-*-

349 4513 368 4578 ¹)
389 4513 459 4564 Joau.
480 4511 504 4564 9.
524 4509 549 4562 3.
