3158 5212
224 437 267 503 68

223 608 314 678 Unde
336 609 369 672 et
389 605 456 691 ipse
477 604 590 670 Petrus
623 621 681 687 pro
705 601 754 667 sni
776 599 873 667 officii
894 597 1067 666 ministerio
1097 595 1236 682 legitime
1265 600 1432 682 sollicitus,

223 721 395 797 nonest,
418 716 471 795 ait,
495 732 659 797 aequum
680 713 911 797 relinquere
932 730 1003 777 nos
1024 711 1186 778 verbum
1207 712 1282 778 Dei
1304 715 1342 778 et
1362 713 1432 778 mi·

222 830 403 914 nistrare
424 824 581 892 mensis.
597 827 621 909 ¹)
666 823 750 890 item
771 824 838 908 ipse
863 823 1111 890 inordinatione
1134 823 1319 892 Clementis:
1357 823 1431 889 Non

223 942 291 1007 vult
312 943 354 1021 te,
377 937 487 1022 inquit,
522 937 664 1006 Christus
699 936 841 1001 ordinare
877 951 1043 1000 cansarum
1060 933 1200 1017 judicem
1223 933 1431 1000 saecularium

222 1051 278 1114 aut
298 1047 401 1114 litium
422 1047 594 1114 forensium
615 1047 809 1132 cognitorem
830 1045 898 1111 fieri
919 1049 978 1112 etc.
1000 1047 1091 1128 Quod
1113 1045 1142 1112 si
1163 1044 1271 1130 ajunt:
1294 1063 1357 1110 non
1381 1047 1431 1110 eet

223 1177 367 1244 aequum,
393 1161 586 1224 sacerdotem
616 1157 744 1224 Domini
776 1156 884 1222 relicto
917 1155 1012 1221 verbo
1036 1156 1095 1222 Dei
1116 1156 1295 1224 ministrare
1315 1157 1432 1224 mensis

223 1272 279 1335 eut
299 1268 407 1336 litium
440 1269 646 1336 saecularium
677 1268 745 1334 fiori
768 1269 969 1352 cognitorem,
1009 1270 1124 1351 quanto
1159 1267 1263 1334 minus
1297 1285 1431 1351 aequum

226 1385 275 1447 est
297 1379 452 1466 ejusmodi
479 1379 587 1446 relicto
609 1378 704 1445 verbo
726 1377 786 1444 Dei
819 1377 947 1444 ductare
969 1376 1126 1458 militiam,
1151 1377 1262 1443 castris
1282 1378 1432 1444 interesse

223 1490 389 1578 regalibus,
419 1509 567 1576 aggerem
588 1492 783 1574 comportare
806 1487 1021 1555 subvertendis
1046 1487 1195 1571 urbibus,
1235 1495 1356 1558 struere
1377 1510 1432 1574 per

225 1621 303 1688 quae
324 1607 355 1668 et
376 1601 545 1668 homicidia
576 1601 753 1687 frequenter
774 1599 864 1682 finnt,
895 1619 972 1685 quae
995 1599 1022 1666 si
1047 1619 1106 1686 pro
1128 1605 1217 1685 parte
1241 1623 1350 1688 regum
1371 1603 1432 1668 im·

222 1715 398 1800 parantium
433 1714 591 1780 interdum
618 1713 705 1798 justo
728 1716 886 1798 gerantur,
921 1713 1114 1778 sacerdotem
1136 1713 1195 1778 Dei
1227 1713 1346 1781 talibus
1382 1715 1432 1782 vel

224 1826 376 1894 interesse
397 1824 445 1892 las
468 1843 531 1891 non
554 1828 610 1905 est,
646 1842 685 1888 ne
717 1822 818 1888 sancti
839 1822 991 1888 violenter
1013 1820 1151 1904 obtutus,
1185 1822 1246 1888 nisi
1267 1825 1351 1892 forte
1371 1843 1430 1910 pro

224 1935 402 2002 defensione
433 1937 555 2021 patriae
577 1932 617 1999 ab
640 1934 821 2019 alienigenis
857 1934 897 1999 ed
919 1933 1001 2000 cives
1025 1933 1232 2000 cohortandos
1255 1934 1322 2020 ejus
1343 1955 1432 2022 prae

224 2047 358 2113 sentiam
381 2046 421 2112 ad
442 2050 566 2130 tempus
589 2046 759 2112 necessitas
782 2046 967 2130 expostulet,
991 2047 1046 2110 aut
1067 2064 1125 2130 pro
1148 2045 1259 2112 diuinis
1282 2046 1375 2114 rebus
1397 2048 1430 2113 in

224 2158 336 2223 castris
358 2155 516 2241 regalibus
538 2156 668 2242 agendis
691 2159 723 2222 et
745 2157 882 2222 consiliis
895 2155 1083 2222 salutaribus
1099 2157 1312 2224 ministrandis
1329 2178 1431 2225 sacer-

225 2266 331 2332 dotem
354 2265 481 2332 Domini
504 2268 681 2332 comaatum
702 2285 834 2352 pergere
857 2286 982 2333 necesso
1005 2267 1057 2334 sit.
1082 2305 1122 2318 ·-
1146 2269 1232 2334 Dum
1251 2269 1357 2353 igitur,
1380 2270 1428 2335 in·

225 2376 344 2460 quiunt.
366 2375 443 2443 haec
465 2376 658 2442 divinissima
679 2377 840 2461 Evangelii
861 2378 1034 2463 praecipiet
1055 2379 1235 2464 auctoritas,
1257 2381 1337 2447 ratio
1360 2400 1431 2448 cou-

224 2485 349 2567 sentiat,
372 2486 562 2568 ‘necessitas
585 2488 759 2570 expostulet
781 2488 980 2554 dimittantur
1002 2489 1143 2570 Caesari,
1177 2509 1256 2574 quae
1289 2493 1430 2560 Caesaris

226 2601 309 2678 sunt,
335 2615 374 2662 ne
397 2596 512 2664 talibus
534 2598 689 2684 implicati
719 2599 857 2685 episcopi
875 2594 1003 2666 reddere
1025 2619 1088 2667 non
1109 2602 1231 2687 possint
1252 2604 1328 2685 Deo,
1351 2621 1431 2686 quae

224 2710 284 2776 Dei
308 2711 390 2776 sunt.
413 2708 498 2775 Nam
520 2710 626 2791 valde,
650 2710 748 2794 ajunt,
782 2711 844 2776 sibi
867 2712 1012 2797 opposita
1034 2731 1143 2781 vacare
1164 2715 1230 2782 Deo
1254 2717 1286 2780 et
1308 2717 1430 2782 saeculo

225 2821 369 2888 militare.
415 2820 483 2886 Aut
505 2821 532 2885 si
555 2821 703 2908 episcopi,
740 2821 838 2906 ajunt,
861 2823 991 2890 retentis
1014 2823 1171 2908 regalibus
1193 2826 1260 2892 Deo
1283 2827 1378 2893 simul
1400 2830 1432 2893 et

225 2931 356 3016 imperio
379 2931 515 2997 militare
537 2935 686 3016 satagunt
708 2951 802 3016 seque
824 2933 864 2998 ad
884 2937 1053 3018 utrumque
1075 2953 1166 3018 poseo
1189 2937 1333 3004 sulficere
1348 2937 1432 3005 arbi·

226 3045 358 3124 bantur,
372 3045 505 3128 oportet,
529 3041 627 3126 ajunt,
649 3043 853 3129 imperatores
875 3045 907 3108 in
929 3045 1005 3129 ipsis
1027 3064 1150 3130 quoque
1171 3047 1328 3133 episcopis
1352 3049 1430 3114 ordi·

227 3152 337 3218 nandis
359 3169 397 3217 ac
420 3151 644 3218 substituendis
668 3154 807 3238 primum
827 3153 941 3219 habere
964 3154 1077 3223 locum.
1122 3157 1195 3223 Non
1217 3158 1309 3237 enim,
1333 3158 1431 3245 ajunt,

227 3263 359 3348 imperio
382 3263 540 3345 condecet,
563 3267 599 3328 ut
610 3263 723 3348 aliquis
744 3264 777 3330 in
799 3264 972 3349 prinoipem
985 3266 1074 3350 regni
1095 3267 1155 3334 nisi
1177 3266 1217 3332 ab
1239 3269 1309 3355 ipso
1331 3270 1433 3356 impe·

229 3377 332 3440 ratore
353 3394 390 3440 ex
411 3375 542 3441 oonsilio
564 3374 698 3441 aliorum
720 3375 898 3462 principum
919 3381 1108 3446 assumatur.

330 3485 416 3552 Haec
439 3489 470 3553 et
491 3486 540 3552 his
564 3486 689 3567 similia,
727 3503 806 3571 quae
826 3485 860 3551 in
880 3486 936 3552 illa
956 3491 1151 3556 contentione
1183 3492 1256 3559 hinc
1288 3494 1359 3561 inde
1392 3496 1432 3560 ad

230 3599 522 3684 alteriusntrincque
535 3599 636 3685 partis
648 3597 915 3666 confirmationem
927 3599 1229 3670 velinfirmationem
1251 3599 1336 3670 dicta
1358 3609 1432 3672 sunt

229 3711 278 3778 vol
300 3709 361 3776 dici
392 3714 563 3794 potuerunt
594 3712 724 3794 longum
758 3713 840 3776 esset
872 3714 1009 3776 retexere
1041 3714 1091 3778 vel
1113 3731 1193 3796 quae
1214 3715 1316 3782 nuntii
1338 3717 1433 3784 medii

229 3822 370 3886 tulerunt
386 3837 423 3886 ac
445 3823 628 3889 retulerunt.
672 3821 796 3889 Gelasio
833 3841 968 3908 namque
997 3840 1080 3908 papa
1113 3824 1220 3892 Remis
1255 3825 1431 3896 celebrante

231 3932 406 4012 concilium,
440 3931 629 4016 imperatore
651 3951 723 3999 uero
745 3933 891 4000 Heinrico
915 3934 1053 4002 Venduni
1071 3939 1215 4002 manente
1238 3957 1294 4022 per
1315 3939 1433 4006 media·

230 4047 314 4109 tores
335 4042 460 4108 nuntios
483 4061 532 4108 res
553 4043 714 4127 agebatur.
748 4046 818 4112 Hoc
839 4046 879 4111 ed
901 4064 1048 4131 praesens
1070 4048 1231 4132 negotium
1254 4050 1333 4116 scire
1356 4051 1432 4118 eatis

232 4157 289 4234 est,
311 4155 532 4238 imperatorem
554 4156 629 4221 tunc
649 4157 799 4242 temporie
823 4156 992 4224 obdurasse
1014 4175 1067 4225 cor
1088 4179 1240 4226 suumne
1261 4162 1433 4230 dimitteret

233 4262 370 4332 ecclesiis
407 4264 572 4332 electiones
594 4265 717 4349 liberas,
741 4268 902 4354 episcopos
937 4288 1060 4356 qnoque
1091 4271 1204 4340 faciem
1226 4291 1316 4341 susm
1339 4273 1434 4342 obfir-

336 4544 513 4616 Omna
