3158 5212
469 1820 749 1936 Plurimum
785 1817 1093 1934 Reverendi!

282 2087 405 2228 incinit
426 2125 581 2210 quondam
604 2124 761 2190 laureatus
782 2124 892 2210 procul
914 2122 1008 2190 dubio
1031 2127 1118 2191 vates
1140 2126 1270 2212 dignum
1290 2126 1381 2192 laude

179 2255 285 2322 virum
307 2258 432 2323 vetante
454 2254 547 2321 Musa
569 2253 695 2320 omnino
717 2271 780 2320 non
802 2253 891 2335 mori,
914 2254 1060 2339 ignorans
1083 2257 1175 2337 certe,
1198 2270 1292 2340 saepe
1313 2271 1382 2321 eae·

180 2392 255 2479 pius
277 2392 347 2460 illue
370 2391 569 2479 potissimum
603 2389 685 2456 uiros
708 2389 859 2457 oblivioso
881 2391 948 2457 (lari
970 2392 1109 2472 tumulo,
1141 2409 1273 2476 quorum
1295 2390 1383 2475 inge·

179 2528 269 2596 nium
291 2529 381 2614 quasi
398 2531 478 2596 alter
493 2529 540 2595 sol
554 2527 630 2608 dies,
650 2528 792 2594 doctrina
815 2529 903 2613 quasi
925 2529 1023 2594 altera
1036 2528 1119 2594 luna
1140 2532 1247 2597 nectes
1270 2529 1380 2597 melina

179 2665 420 2732 illuminassent.
443 2665 594 2750 Equidem
618 2681 687 2730 mea
708 2665 864 2750 impulsus
887 2665 989 2731 indole
1004 2663 1044 2731 ab
1058 2665 1252 2733 incunabulis
1272 2667 1382 2734 doctus

181 2819 368 2887 magnorum
401 2802 589 2887 inuestigare
622 2802 754 2888 uestigia
784 2803 923 2867 virorum
957 2806 1006 2869 eat
1038 2821 1107 2870 esec
1139 2801 1304 2884 laudabile,
1338 2803 1382 2868 nil

181 2937 289 3004 anxins
311 2933 468 3022 optabam,
491 2957 585 3026 quam
607 2939 719 3004 mereri
741 2938 779 3002 de
794 2939 938 3023 quodam,
963 2938 1051 3004 enine
1074 2939 1233 3022 ingenium
1254 2939 1381 3024 granum,

181 3075 276 3144 robur
298 3078 421 3160 fortius,
442 3079 544 3164 gloria
565 3079 697 3163 denique
718 3077 904 3143 immortalis
926 3076 1105 3142 extiterunt.

284 3214 333 3281 Ad
358 3214 490 3283 Vestras
508 3216 561 3283 ΛΡ.
583 3217 637 3297 la,
672 3219 709 3282 ut
741 3215 850 3296 nostin,
885 3231 955 3281 oras
988 3214 1121 3301 appulso
1154 3213 1273 3280 iontem
1304 3211 1383 3279 mihi

180 3350 349 3436 pandistis,
391 3351 571 3439 Principem
608 3352 795 3420 Vestrorum
826 3353 1009 3420 Praeeulnm
1040 3352 1246 3434 ostendendo,
1287 3370 1380 3436 quem

180 3489 311 3557 Vestrae
332 3490 508 3557 adhucdum
529 3510 590 3558 non
612 3492 702 3559 licuit
724 3490 879 3558 celebrare
902 3489 1082 3557 modestiae.

283 3627 440 3695 Pandietis
462 3627 657 3695 Gerhohnm!

280 3765 423 3850 Quantus
445 3766 498 3833 illc
519 3764 624 3845 fuerit,
648 3770 679 3832 et
700 3766 848 3851 iniquitas
869 3769 1055 3849 temporum,
1078 3763 1190 3849 quibus
1211 3762 1379 3843 eminebat,

178 3905 314 3970 tentatur
335 3907 366 3969 et
388 3902 536 3985 celebria,
560 3920 653 3988 qnam
676 3902 802 3984 habuit,
830 3903 991 3987 utriusque
1013 3900 1178 3986 potestatis
1200 3901 1380 3987 principum

179 4042 381 4111 consuetudo.
403 4041 525 4125 Addita,
548 4057 674 4126 quaeso,
698 4042 838 4107 animum
860 4041 946 4107 nulla
968 4040 998 4106 ui
1019 4038 1154 4106 fractum
1175 4056 1275 4124 neqne
1296 4035 1383 4105 fran-

178 4179 317 4264 gendum
338 4182 370 4245 et
388 4179 562 4245 doctrinam
584 4182 635 4246 eat
656 4180 792 4263 amplam
816 4181 848 4245 ot
869 4176 1092 4258 admirandam,
1115 4194 1211 4261 qnam
1225 4176 1270 4243 nil
1285 4176 1382 4244 latere

178 4316 283 4400 potuit
304 4315 456 4400 quidquid
478 4316 679 4384 scientiarum
702 4319 821 4383 aetates
843 4313 916 4380 illae
940 4315 1010 4381 sinu
1033 4313 1190 4399 tegebant.
1228 4315 1310 4400 Quid
1331 4315 1383 4383 ad·

178 4453 249 4520 hnc·
262 4453 389 4540 scripta,
424 4472 502 4540 quae
531 4454 719 4539 conspicitis,
754 4469 1013 4518 commemorem:
1048 4451 1224 4518 immortale
1246 4449 1383 4519 Gerholni

177 4593 445 4660 monumentum?
