3172 5202
378 1614 498 1763 lroipl
532 1612 722 1761 protono
740 1609 774 1736 ir
811 1609 929 1736 llrun
966 1607 1084 1735 urard
1107 1634 1145 1734 n.

263 1911 454 2052 ssuoerna
486 1943 654 2030 pedibus
692 1941 791 2007 meis
828 1937 993 2006 verbum
1029 1943 1142 2006 tuum
1165 1940 1364 2006 etlumen

87 2041 92 2060 Ι
158 2075 319 2142 semitis
353 2075 464 2155 mels,
503 2075 548 2139 ait
580 2072 840 2157 psalmigraphus,
857 2067 882 2154 1)
919 2071 1018 2136 sciens
1041 2088 1074 2135 se
1096 2067 1249 2135 inoffenso
1283 2068 1364 2154 pede

156 2206 244 2274 viam
264 2206 436 2291 praesentis
459 2203 541 2269 vitae
561 2204 691 2288 ingredi,
715 2204 741 2269 si
764 2203 866 2269 diuino
886 2202 1021 2287 fultusl)
1054 2201 1208 2285 adjutorio
1231 2203 1361 2268 actuum

157 2354 290 2402 suorum
320 2334 524 2400 intentionem
556 2333 594 2398 ad
627 2332 715 2399 uerbi
748 2333 806 2398 Dei
837 2334 998 2399 luoeruam
1012 2331 1038 2420 ³)
1071 2332 1226 2416 dirigeret.
1271 2329 1362 2413 Quod

156 2465 275 2551 ipsum,
311 2482 383 2530 oum
403 2463 488 2528 omni
508 2433 638 2527 homini
659 2462 696 2527 de
730 2481 763 2528 se
786 2462 982 2528 sentiendum
1019 2463 1061 2529 sit
1083 2466 1178 2546 atque
1200 2459 1362 2542 orandum,

157 2594 296 2660 marimo
316 2594 349 2658 in
370 2593 526 2678 praesenti
560 2595 709 2677 opuseulo
731 2592 808 2657 mihi
829 2592 1096 2678 pernecessarium
1118 2591 1271 2672 existimo,
1309 2591 1363 2676 qui

158 2723 235 2807 styli
267 2721 330 2787 mei
362 2741 488 2806 gressus
521 2722 602 2788 inter
634 2724 772 2788 medium
805 2721 977 2790 bestiarum
999 2722 1147 2806 disposui,
1182 2721 1361 2806 quaeritans

156 2852 308 2917 nimirum
329 2851 410 2916 inter
430 2853 575 2917 monstra
595 2852 757 2918 hominum
779 2851 930 2934 bestialia,
955 2871 1033 2938 quae
1054 2851 1094 2918 ab
1118 2851 1240 2919 exordio
1263 2852 1362 2918 eoele-

158 2983 223 3048 siae
245 2983 354 3048 eontra
377 2980 538 3049 Christum
560 2981 679 3065 atejus
701 3001 825 3068 eorpus,
850 2983 932 3067 quod
953 2986 1002 3049 est
1023 2983 1161 3065 eeclesia,
1185 2982 1361 3049 insurrexe-

157 3115 232 3179 runt
253 3130 353 3195 usque
374 3128 466 3191 nuno,
490 3111 559 3194 quis
572 3130 619 3208 weu
639 3111 782 3178 omnibus
805 3112 864 3179 hoe
886 3113 1020 3193 nomine,
1044 3114 1126 3197 quod
1142 3115 1190 3178 est
1203 3110 1362 3179 Antichri-

158 3247 238 3324 stus,
261 3240 383 3326 dignior
405 3239 592 3320 inveniatur:
625 3241 658 3305 in
693 3259 753 3324 quo
787 3242 958 3307 marimum
995 3229 1072 3308 illud
1093 3241 1265 3327 iniquitatis
1290 3261 1359 3328 my·

159 3371 302 3454 sterium,
336 3370 417 3455 quod
454 3369 624 3453 scripturas
648 3371 801 3468 'veritatis
824 3390 879 3456 per
904 3371 1063 3438 hominem
1095 3372 1223 3455 peeoati,
1258 3371 1359 3439 filium

158 3501 342 3587 perditionis
375 3500 593 3583 complendum
625 3501 783 3581 denotant,
805 3501 901 3566 videri
931 3500 1031 3584 possit
1064 3519 1132 3566 esse
1154 3503 1359 3588 eompletnm.

159 3631 254 3698 Venit
274 3648 357 3695 nuno
377 3630 410 3694 in
431 3632 569 3695 mentem
592 3629 717 3696 Eleazar
737 3632 799 3711 ille,
836 3630 922 3697 filius'
941 3630 1048 3712 Saura,
1083 3633 1121 3697 de
1142 3650 1203 3716 quo
1225 3631 1257 3696 in
1279 3629 1360 3698 libro

159 3759 422 3827 Mandabaeorum
435 3759 459 3840 ⁴)
480 3761 622 3845 legimus,
647 3761 729 3845 quod
750 3760 831 3825 inter
852 3761 986 3845 reliquas
1008 3759 1124 3827 bestias
1147 3759 1227 3827 bello
1250 3759 1358 3847 dispo·

160 3891 237 3956 sitas
260 3891 366 3956 videns
381 3910 476 3957 uuam
491 3892 601 3958 asteris
618 3890 851 3958 eminentiorem
870 3895 963 3976 atque
978 3891 1059 3974 regis
1074 3891 1179 3958 loriois
1193 3891 1359 3958 loricatam

161 4025 193 4088 et
214 4023 407 4104 existimans,
431 4024 514 4107 quod
535 4023 568 4089 in
591 4041 627 4088 ea
649 4026 731 4089 esset
752 4042 813 4105 rex,
835 4023 902 4104 ivit,
925 4023 1008 4088 viam
1030 4020 1090 4088 sibi
1111 4021 1215 4108 gladio
1236 4038 1359 4107 paraus,

264 4235 283 4306 ¹)
302 4237 345 4292 Ps.
367 4235 429 4292 118.
450 4234 512 4294 105.

262 4327 283 4398 ¹)
301 4328 356 4382 eod.
375 4329 477 4382 fluetus.

261 4423 283 4488 θ)
304 4421 359 4473 eod.
379 4421 494 4474 lucerna.

264 4513 286 4581 ⁴)
306 4513 329 4570 1.
348 4513 437 4569 Maoh.
457 4513 484 4570 6.
503 4512 548 4568 43.
