3168 5214
1260 385 1323 450 367

99 540 319 625 interpositis,
345 543 413 625 qui
437 545 631 628 separati,
655 546 766 630 inquit,
791 549 896 615 estis
921 553 1085 618 indiam
1116 557 1259 621 malurn
1287 563 1327 624 et

99 655 453 739 appropinquatis
488 657 591 722 solio
636 657 884 742 iniquitatis.
944 665 1015 746 Qui
1054 667 1246 733 dormitis
1287 671 1327 735 in

100 767 249 832 lactis
273 766 467 834 eburneis
490 771 829 838 etlasciritisin
863 777 1007 841 stratis
1043 780 1208 847 vestris.
1255 782 1326 865 Qui

102 879 334 944 comeditis
357 882 564 964 agnumde
598 902 719 968 grege
756 891 794 951 et
824 888 981 954 vitulos
1019 889 1065 953 de
1102 892 1234 957 medie
1269 911 1327 958 ar·

102 993 251 1057 menti.
296 991 373 1073 Qui
392 993 541 1058 canitis
564 995 611 1058 ad
634 1014 769 1061 vocem
793 1000 1004 1084 psalterii.
1049 1000 1167 1067 Sient
1198 1005 1322 1069 David

102 1109 370 1191 putaverunt
393 1124 430 1170 se
452 1103 599 1170 habere
621 1124 715 1171 vasa
738 1111 888 1177 cantici
911 1112 1094 1178 bibentes
1116 1115 1152 1178 iu
1175 1115 1325 1198 phialis

102 1217 257 1281 vinum
281 1220 319 1280 et
342 1216 500 1300 optime
536 1222 742 1300 unguento
777 1221 947 1287 delibuti
982 1228 1019 1288 et
1052 1224 1161 1290 nihil
1197 1229 1326 1312 patie-

103 1325 266 1391 bantur
289 1345 415 1410 super
437 1327 701 1393 contritione
723 1329 887 1415 Joseph.
932 1335 1009 1417 Qua
1032 1341 1198 1418 propter
1220 1360 1325 1406 nunc

105 1436 350 1523 migrabant
382 1439 418 1502 iu
449 1439 585 1524 capite
607 1443 991 1526 transmigrantium
1037 1450 1072 1509 et
1115 1447 1326 1515 uerteretur

106 1551 239 1615 factio
263 1551 590 1617 lasciuientium.

624 1841 736 1908 Cap.
757 1842 830 1895 VI.

109 2012 289 2080 Peccatum
309 2011 585 2096 ierosolymorum
618 2011 790 2081 Sodomitis
821 2015 1023 2083 assimilatur
1055 2021 1088 2084 et
1125 2021 1321 2106 praefentur.

219 2200 300 2283 Quid
321 2203 450 2285 peccate
474 2198 682 2265 Sodomorum
706 2201 839 2268 similius
861 2202 994 2270 istorum
1017 2209 1213 2291 corruptione
1245 2229 1324 2295 opu·

110 2313 274 2377 lentorum
297 2310 528 2376 comedentium
550 2316 582 2376 et
604 2310 775 2378 bibentium
800 2318 831 2379 et
853 2315 885 2378 in
909 2318 1016 2382 stratis
1052 2321 1117 2383 suis
1153 2321 1252 2386 otiose
1270 2341 1323 2396 ,11

109 2422 272 2488 luxuriose
302 2422 555 2487 lasciuientium?
600 2425 647 2488 lle
681 2425 794 2508 quibus
832 2429 865 2490 et
898 2429 981 2508 quod
1014 2429 1134 2494 dietum
1169 2436 1226 2509 est,
1252 2436 1324 2516 quia

110 2534 194 2598 nihil
216 2533 415 2616 patiebantur
438 2553 532 2619 super
555 2534 741 2600 contritione
771 2537 902 2619 Joscpbi
938 2536 1053 2602 fratris.
1090 2541 1150 2606 Pro
1183 2544 1324 2624 quelibet

112 2645 200 2710 enirn
222 2645 318 2710 fratre
340 2644 519 2708 nominatus
543 2649 592 2708 est
613 2645 732 2728 Joseplr
756 2664 774 2709 a
796 2645 944 2711 fratribus
982 2649 1046 2712 suis
1081 2650 1200 2734 absque
1235 2675 1323 2720 eom·

112 2776 261 2841 passione
283 2757 438 2837 venditus,
462 2757 553 2841 qued,
577 2759 713 2842 inquam,
739 2760 857 2824 dictum
881 2766 929 2825 est
952 2764 983 2824 et
1009 2762 1087 2826 nihil
1123 2763 1323 2846 patiebantur

114 2890 209 2954 super·
233 2870 419 2936 contritione
440 2869 572 2955 loseph,
597 2869 658 2934 hoc
681 2873 729 2934 est
752 2871 868 2936 similes
892 2872 954 2936 illis
978 2873 1127 2937 fratribus
1167 2874 1200 2937 in
1237 2877 1321 2940 nulle

113 2982 207 3048 fratri
230 2981 492 3068 compatientibus
516 2982 693 3060 extiterunt,
716 2981 799 3047 idem
822 3003 921 3066 prope
943 2987 992 3049 est
1014 2983 1059 3048 illi
1093 2985 1176 3067 quod
1214 2991 1245 3049 et
1283 2989 1321 3052 de

113 3093 282 3159 Sodomitis
306 3094 424 3158 dictum
448 3096 504 3158 est.
542 3093 671 3157 Manum
695 3112 791 3175 egeno
817 3096 848 3156 et
869 3096 1000 3180 pauperi
1022 3115 1084 3160 non
1107 3095 1320 3178 porrigebant.

113 3205 261 3288 Amplius
283 3209 389 3271 autern
411 3224 447 3271 ac
470 3207 568 3270 multo
592 3205 727 3269 deterius
751 3209 915 3288 peccatum
953 3203 1118 3268 Sodomitis
1151 3207 1320 3274 immiseri-

113 3317 263 3383 cordibus
287 3319 511 3382 commiserunt
533 3317 881 3401 iidemderoselynritae
904 3336 940 3381 ae
962 3317 983 3383 J
988 3316 1075 3380 odaei
1098 3317 1129 3380 in
1152 3318 1322 3383 Dominum

112 3431 227 3498 Jesnm
249 3430 344 3494 morti
367 3449 439 3495 eum
461 3431 702 3495 condemnantes
725 3429 842 3524 absque
865 3428 1085 3507 misericordia,
1109 3427 1191 3491 sicut
1207 3426 1318 3493 fratres

112 3541 235 3626 Jeseplr
259 3561 382 3625 quoque
405 3540 510 3606 fratris
534 3541 709 3606 venditores
733 3541 763 3605 in
787 3543 902 3606 scelere
925 3540 1013 3604 valde
1030 3539 1224 3621 supergressi
1237 3544 1320 3606 sunt.

113 3653 204 3734 Quod
239 3652 391 3736 propheta
427 3651 581 3718 Jeremias
619 3652 692 3715 licet
729 3652 867 3716 nendum
903 3651 1022 3716 factum
1056 3648 1253 3714 considerans
1292 3655 1323 3716 11

114 3765 204 3847 quasi
222 3763 290 3847 jam
324 3763 441 3828 facturn
476 3763 639 3845 deplorans
678 3760 810 3844 ajebat:
855 3761 985 3845 Major
1022 3764 1084 3826 est
1120 3761 1322 3844 iniquitas

111 3875 253 3958 populi
277 3875 352 3940 mei
375 3877 551 3959 peccato
575 3872 952 3957 Sodomor·um‚quee
975 3869 1177 3936 subversa
1200 3874 1321 3938 estin

112 3991 306 4052 momento
330 3991 368 4051 et
389 4005 464 4052 non
487 3987 723 4070 coeperunt
745 3985 784 4048 in
807 4003 854 4048 aa
887 3983 1063 4060 1111111111)
1109 3983 1205 4065 Quasi
1236 3985 1318 4050 enim

112 4115 276 4182 quaereres
310 4098 341 4162 in
375 4117 435 4181 quo
473 4097 573 4181 major
602 4097 736 4163 istorum
768 4097 915 4181 iniquitas
949 4097 1077 4181 peccato
1118 4096 1321 4160 Sodomorum

111 4207 257 4288 ert'terit,
283 4226 409 4274 causam
433 4210 570 4275 declarat
592 4210 718 4274 dicens:
743 4213 774 4272 et
797 4227 858 4272 non
881 4212 1048 4292 coeperunt
1069 4207 1100 4271 in
1125 4225 1160 4271 ea
1194 4224 1318 4271 manus.

117 4409 121 4416 ’
217 4407 348 4521 unnim
374 4449 398 4503 4.
420 4450 445 4504 c.
