3158 5212
269 392 405 482 ca

269 588 454 656 subauditur
474 589 557 654 mala
580 588 656 654 mihi
677 587 835 655 inferendo
858 608 919 656 non
942 591 1225 658 erissustinendus.
1247 589 1324 654 Erat
1343 589 1376 654 in
1399 589 1467 672 ejus

269 700 470 769 contubernio
485 703 713 786 impudicorum
734 722 808 789 grex
831 723 867 768 er
888 701 1008 769 clericis
1031 705 1064 768 et
1085 702 1173 768 laicis
1192 700 1371 766 illustrioris
1393 716 1468 784 pro·

269 813 375 899 sapias
397 817 614 898 congregatus.
637 813 715 878 Erat
738 813 766 879 ei
788 814 865 878 item
887 814 1022 878 adunata
1034 811 1273 895 juvencularum
1295 812 1327 874 et
1348 810 1467 874 matro-

269 943 380 990 narum
401 927 489 990 tanta
511 924 678 991 multitudo
713 928 862 1009 quantam
895 942 950 989 nee
985 923 1051 989 sine
1073 922 1198 1006 querela
1230 919 1332 1005 regiae
1354 920 1467 984 domus

269 1036 389 1101 mansio
413 1038 461 1102 vel
483 1034 635 1120 profectio
658 1038 810 1102 sustinere
831 1037 996 1122 potuisset,
1020 1053 1153 1118 quarum
1174 1037 1279 1099 tamen
1300 1034 1468 1118 pleraeque

267 1144 441 1230 apropriis
474 1145 548 1210 viris
571 1143 747 1212 abstractae
778 1146 893 1212 invitae
914 1150 946 1211 et
967 1146 1108 1230 captivae
1140 1145 1178 1210 ad
1211 1163 1290 1230 opus
1312 1141 1468 1207 nefarium

270 1253 501 1341 ducebantur.¹)
524 1256 584 1322 Per
605 1256 718 1321 horum
744 1255 997 1322 commixtionem
1017 1259 1142 1342 praeter
1164 1254 1351 1322 cottidianas
1375 1270 1468 1338 spur·

270 1365 359 1432 citias
382 1368 504 1434 diabolo
536 1387 664 1453 vespere
688 1370 720 1432 et
741 1386 831 1433 mane
854 1370 886 1432 et
907 1363 1034 1433 meridie
1068 1367 1258 1434 sacrificatas
1282 1383 1354 1430 cum
1375 1365 1468 1429 Beel-

266 1477 387 1565 phegor
407 1479 473 1545 Deo
508 1498 564 1546 suo
597 1478 766 1545 solemnius
800 1478 973 1544 sacrificare
1005 1479 1164 1559 voluisset,
1198 1478 1229 1542 in
1262 1476 1390 1562 propria
1412 1493 1466 1541 eos

266 1590 449 1676 caminatal)
482 1591 514 1655 in
547 1609 644 1655 unum
667 1589 751 1656 coire
774 1589 917 1671 iaciebat,
951 1590 1020 1675 ipse
1041 1589 1161 1654 medius
1184 1607 1292 1654 eorum
1313 1588 1346 1652 in
1368 1586 1466 1652 sacris

265 1701 406 1769 nefandis
430 1703 603 1769 consistens
626 1701 679 1766 ubi
701 1705 733 1768 et
750 1701 930 1781 luminibus,
953 1705 989 1766 ut
1011 1701 1134 1782 dicitur,
1157 1700 1299 1766 extinctis
1312 1700 1466 1783 quantum

265 1815 364 1880 valuit
384 1817 450 1881 arte
471 1813 661 1900 procuravit,
694 1816 730 1878 ut
751 1813 848 1878 frater
869 1832 941 1879 cum
976 1830 1082 1878 sorore
1105 1814 1154 1878 vel
1177 1809 1307 1896 quilibet
1328 1807 1464 1896 proximi

265 1926 434 2011 sanguinis,
457 1926 512 2010 qui
535 1943 569 1992 se
590 1924 623 1988 in
644 1922 780 1988 tenebris
802 1923 982 2008 dignoscere
996 1941 1058 1988 non
1073 1925 1227 2009 poterant,
1252 1920 1462 1987 convenirent.

264 2036 410 2119 Dumque
425 2034 568 2101 omnibus
585 2034 658 2101 uiris
673 2033 770 2098 moris
784 2051 821 2098 ac
832 2053 912 2118 pene
940 2035 1082 2100 naturale
1105 2034 1147 2098 sit
1168 2033 1312 2118 proprias
1335 2032 1464 2117 aelami)

265 2145 413 2232 conjuges
435 2165 474 2212 ne
492 2166 563 2212 cum
598 2144 708 2212 alienis
745 2145 940 2230 conveniant,
962 2145 1030 2229 ipse
1052 2147 1177 2211 econtra
1199 2162 1297 2225 suam,
1335 2161 1415 2228 quas
1437 2144 1465 2209 ei

263 2255 366 2323 luerat
387 2258 487 2324 torma
509 2263 541 2325 et
562 2258 724 2325 nobilitate
744 2277 781 2324 ac
803 2276 926 2322 morum
947 2257 1109 2321 honestate
1132 2255 1273 2322 decenter
1295 2256 1398 2322 dicam
1420 2273 1462 2320 an

263 2367 445 2438 indecenter
461 2370 593 2449 sociata,
627 2389 698 2436 cum
730 2371 758 2436 ei
780 2390 815 2437 er
836 2372 916 2436 nutu
948 2373 998 2436 vel
1020 2369 1245 2465 significatione
1278 2370 1465 2435 daemonum

264 2478 296 2543 id
317 2480 495 2565 placuisset,
527 2483 560 2546 in
581 2481 706 2568 publico
729 2481 782 2547 illo
804 2482 1033 2566 impudicorum
1065 2483 1218 2548 conventu
1238 2499 1325 2546 more
1343 2479 1464 2546 sconico

263 2591 436 2675 prostituit,
458 2594 539 2658 unde
561 2593 726 2677 aliquando
750 2595 889 2679 contigit,
928 2598 964 2660 ut
993 2595 1046 2660 illa
1068 2612 1142 2660 suae
1162 2593 1314 2659 illusiouls
1337 2595 1464 2678 tempus

263 2703 440 2786 praesciens
462 2705 580 2789 pariter
602 2708 634 2770 et
651 2707 756 2772 locum
765 2706 932 2791 implorato
956 2705 1101 2785 civitatis,
1124 2706 1155 2770 in
1168 2722 1230 2788 qua
1241 2723 1290 2770 res
1301 2700 1463 2788 agebatur,
1570 2757 1571 2772 .

267 2813 405 2899 episcopi
416 2814 474 2880 Dei
496 2816 596 2880 uelum
618 2815 761 2881 habentis
785 2817 907 2897 anulio,
927 2821 1047 2882 armata
1069 2834 1164 2881 manu
1175 2814 1314 2900 exemplo
1327 2812 1461 2880 Phineos

264 2924 434 2990 sacerdotis
458 2926 618 2992 demedio
640 2927 870 3011 impudicorum
892 2928 1072 3013 eriperetur,
1103 2926 1166 3009 ubi,
1189 2930 1225 2992 ut
1246 2925 1354 3008 fertur,
1377 2928 1465 2993 neri·

263 3032 322 3100 bus
344 3054 467 3119 quoque
496 3036 535 3102 ad
558 3056 636 3122 opus
656 3037 809 3104 nefarium
831 3041 939 3122 aptata
961 3039 1087 3103 iuventa
1111 3041 1198 3121 est.⁴)

726 3352 837 3419 cap.
856 3351 1000 3408 xv11.

638 3473 900 3543 illuminationes
923 3476 1089 3544 maximas.

361 3659 402 3725 at
423 3660 497 3745 quia
519 3661 556 3726 de
578 3660 804 3728 abominatione
815 3662 1014 3728 desolationis
1036 3665 1068 3728 in
1089 3666 1158 3732 loco
1182 3666 1289 3734 sancto
1312 3662 1461 3750 statutal)
1570 3737 1571 3744 χ

263 3770 422 3856 loquimur
443 3770 641 3837 abominandi
663 3790 725 3838 non
747 3773 871 3853 erimus,
906 3775 933 3840 si
967 3774 1067 3841 adhuc
1089 3775 1254 3858 loquamur
1274 3774 1462 3844 abominati·

366 3983 383 4052 ¹)
402 3987 487 4038 Bruno
516 3987 549 4038 de
573 3986 643 4039 bello
663 3987 757 4041 Saxon.
784 3988 860 4053 apud.
887 3989 969 4040 (iuste.
997 3993 1056 4044 tour.
1077 3988 1124 4042 vl.
1154 3987 1197 4042 93.
1224 3989 1250 4044 d.
1281 3990 1341 4042 uida
1370 3990 1460 4043 eedem

404 4077 484 4129 verbs
501 4079 529 4129 in
548 4075 673 4132 Chronico
693 4078 890 4144 Reichersborg.
912 4079 945 4131 sd
965 4094 1057 4132 annum
1079 4078 1158 4134 1067.

365 4169 385 4241 ὓ)
404 4174 455 4226 Das
474 4176 636 4229 altdeutsohe
660 4177 844 4245 „llomenate.“

364 4269 385 4338 ³)
404 4272 460 4326 cod.
480 4276 589 4331 scelere.

362 4370 384 4436 ⁴)
401 4370 555 4425 Helmoldus
572 4374 619 4427 lib.
640 4374 661 4426 Ι.
681 4373 772 4430 Ghron.
792 4376 861 4430 Slsv.
874 4390 930 4442 cap.
945 4375 980 4430 28
999 4377 1080 4431 Grets.
1096 4374 1138 4433 19.
1148 4392 1174 4442 g.
1183 4376 1271 4445 Steph.
1292 4377 1374 4431 Hslb.
1387 4378 1459 4446 apud

403 4462 485 4516 Grets.
505 4462 553 4519 VI.
572 4464 634 4519 546.
654 4464 680 4522 b.

366 4559 384 4625 ⁵)
405 4561 462 4616 cod.
482 4567 589 4618 statura.
