3168 5214
1272 437 1334 503 337

117 629 231 695 quam,
268 609 371 677 verbis
394 610 534 678 veritatis
557 614 659 677 morte
682 609 797 679 Christi
832 609 900 694 jam
932 607 1070 675 instante
1105 612 1337 675 sacramentum

115 723 214 788 nobis
238 723 352 790 vivifici
374 721 457 806 epuli
480 725 701 808 praeparatum
724 720 880 804 estquod
899 720 931 785 in
947 719 1008 785 ilde
1023 719 1208 804 accipientes
1226 721 1337 786 mortis

118 834 258 920 duplicis
293 833 459 900 evademus
493 835 658 919 laqueum,
693 833 858 918 quinobis
882 832 1034 917 oprimis
1070 829 1252 916 parentibus
1284 850 1338 915 per

117 945 214 1011 vetiti
237 945 322 1028 pomi
344 944 631 1031 praesumptionem
653 945 799 1012 inductus
823 947 880 1023 est,
905 943 1055 1009 nimirum
1075 942 1201 1027 justitia
1216 941 1339 1007 miseri·

117 1057 226 1123 cordis
250 1056 380 1122 Domini
413 1057 444 1123 id
478 1057 628 1142 exigente,
663 1061 699 1122 ut
733 1058 856 1121 tantum
890 1054 1053 1121 credamus
1076 1053 1179 1120 verbis
1214 1052 1281 1136 ejus
1304 1053 1337 1117 in

119 1167 260 1232 salutem
289 1170 441 1250 quantum
463 1168 686 1252 aparentibus
719 1169 834 1234 nostris
857 1167 1014 1251 deceptori
1036 1165 1159 1232 diabolo
1183 1165 1336 1230 creditum

120 1277 227 1343 estin
250 1281 395 1344 mortam.
416 1279 532 1364 Atque,
555 1284 592 1345 ut
614 1281 755 1360 aestimo,
767 1280 884 1365 gemini
906 1278 1000 1363 hujus
1023 1276 1211 1345 sacramenti
1233 1276 1265 1341 in
1288 1275 1338 1340 fu·

121 1393 198 1455 tura
221 1389 287 1455 vita
308 1391 433 1475 gemina
465 1392 519 1457 illa
548 1391 670 1458 theoria
691 1411 741 1458 ros
764 1395 860 1474 atque
883 1389 1003 1455 fructus
1027 1392 1085 1469 est,
1119 1391 1155 1454 ut
1188 1386 1338 1470 quemad·

122 1499 256 1566 modum
275 1501 309 1564 in
331 1506 526 1568 sacramento
562 1503 657 1569 simul
676 1505 709 1570 at
731 1521 764 1567 10
785 1501 919 1566 fideliter
954 1502 1113 1566 sumentes
1148 1497 1258 1563 mortis
1291 1498 1338 1562 la·

126 1627 226 1694 quaos
240 1611 399 1679 evadimus
414 1613 611 1699 primamque
626 1614 749 1680 animae
764 1615 861 1680 vitam
878 1610 1100 1695 conquirimus,
1118 1610 1200 1676 siout
1214 1609 1336 1695 primus

123 1721 220 1789 homo
258 1724 367 1789 statim
399 1724 544 1792 videlicet
578 1729 716 1792 comesto
747 1743 839 1809 pomo
862 1723 965 1809 primo
989 1723 1110 1788 animae
1132 1723 1267 1787 mortem
1288 1719 1338 1786 in·

123 1835 201 1901 oidit
222 1840 298 1921 poet
320 1836 414 1902 etiam
437 1855 566 1925 corpore
590 1838 762 1905 certissime
786 1837 968 1919 moriturus,
990 1835 1036 1902 ita
1050 1834 1114 1900 illic
1129 1853 1234 1900 rerum
1256 1832 1337 1898 veri·

121 1950 189 2013 tate
223 1949 291 2014 sola
324 1949 498 2033 effectuque
532 1953 800 2017 sacramentorum
834 1947 1100 2014 communicantes
1122 1946 1220 2012 vitam
1243 1943 1337 2010 simul

122 2059 263 2144 corporis
287 2063 319 2125 et
340 2061 463 2127 animae
478 2063 644 2130 induamus
660 2072 828 2129 aetomam.
851 2061 936 2126 Dum
956 2059 1063 2146 itaque
1085 2058 1228 2125 sensibus
1245 2058 1334 2142 quin·

123 2189 184 2254 que
208 2170 346 2254 corporis
380 2172 430 2238 vel
452 2174 572 2240 animae
595 2173 810 2259 spiritualibus
846 2174 937 2257 quasi
960 2172 1097 2240 solidum
1121 2170 1195 2254 quid
1218 2189 1255 2235 ex
1277 2186 1333 2252 pa·

122 2283 220 2348 radisi
241 2282 360 2348 deliciis
384 2301 542 2350 sumamus
565 2283 616 2349 hic
638 2284 760 2351 fructus
781 2303 849 2351 essa
871 2287 1002 2370 putetur
1024 2283 1163 2366 corporis
1186 2278 1333 2346 dominici

125 2393 209 2477 quod
241 2393 292 2459 hic
325 2393 358 2460 in
391 2399 585 2462 sacramento
622 2400 784 2481 sumptum
819 2401 875 2462 est.
920 2396 1045 2461 Etenim
1081 2394 1147 2459 illic
1179 2391 1333 2457 Dominus

125 2503 278 2570 veraciter
300 2523 362 2570 non
385 2506 487 2572 solum
509 2506 631 2572 animae
658 2502 767 2572 sedet
789 2506 912 2593 corpori
933 2509 1041 2571 nostro
1064 2503 1219 2588 spirituali
1243 2501 1335 2586 spiri·

125 2616 254 2682 dualiter
286 2636 373 2683 more
403 2619 512 2703 sponsi
533 2636 569 2684 ac
592 2636 724 2703 sponsae
747 2618 873 2684 unietur
906 2636 978 2683 cum
1000 2633 1110 2683 sensus
1132 2615 1235 2680 nostri
1257 2612 1335 2678 casti

126 2731 157 2793 et
179 2732 448 2795 sacramentorum
482 2731 701 2798 communione
733 2729 840 2795 fideles
876 2727 964 2813 quasi
997 2727 1133 2811 quinque
1166 2725 1334 2810 prudentes

126 2839 264 2925 uirgines
287 2843 449 2926 cumipse
472 2861 586 2927 sponso
609 2844 649 2912 ad
671 2841 795 2927 nuptias
817 2839 1005 2906 introierunt
1018 2836 1114 2904 fatuis
1129 2840 1161 2902 et
1176 2835 1335 2902 fatuorum

130 2951 275 3018 sensibus
299 2952 383 3018 foras
407 2955 549 3020 exclusis.
572 2954 613 3019 Et
634 2973 673 3019 ne
705 2955 772 3020 llud
795 2953 919 3037 quidem
940 2952 1055 3017 mirum
1075 2969 1185 3016 sensus
1201 2948 1337 3033 quinque

125 3066 252 3130 nostros
275 3064 339 3131 illic
355 3064 421 3144 ad1)
432 3067 515 3132 illius
532 3066 655 3132 unionis
676 3067 811 3152 gratiam
832 3065 966 3145 admitti,
981 3065 1062 3131 sicut
1081 3063 1243 3148 apostolus
1260 3078 1337 3145 quo·

127 3193 188 3258 qua
211 3175 309 3240 sentit
331 3177 446 3258 dicens,
471 3197 582 3263 corpus
605 3181 830 3245 nostrumnon
852 3175 1049 3243 fornicationi
1071 3174 1126 3240 sed
1147 3173 1281 3239 Domino
1305 3176 1336 3237 01

126 3283 284 3352 Dominus
299 3288 463 3374 corpori,²)
476 3308 548 3355 cum
563 3275 632 3376 ipse
650 3308 785 3376 sponsus
808 3289 954 3355 ecclesiae
976 3291 1070 3371 atque
1092 3283 1335 3369 uniuscujusque

126 3403 254 3464 sanctae
275 3399 397 3465 animae
420 3401 572 3468 Dominus
595 3403 617 3470 J
619 3422 689 3468 esus
712 3421 767 3485 pro
790 3401 867 3485 ipsis
884 3400 1020 3483 quinque
1039 3395 1181 3463 sensibus
1197 3397 1229 3461 in
1243 3395 1334 3462 nobis

126 3509 357 3577 sanctificandis
380 3512 559 3597 inproprie
582 3527 710 3597 corpore
731 3513 867 3595 quinque
889 3510 1017 3576 uulnera
1039 3509 1219 3592 susceperit.
1253 3506 1335 3589 Quid

126 3621 210 3688 anim
232 3621 295 3688 illio
317 3623 498 3690 deliciarum
517 3625 652 3708 paradisi
675 3625 810 3708 quinque
833 3620 976 3687 sensibus
999 3620 1114 3686 nostris
1137 3619 1176 3684 de
1196 3617 1334 3702 plenitu-

125 3733 197 3798 dine
218 3733 302 3799 illius
325 3733 550 3820 accipientibus
583 3754 646 3800 non
676 3734 860 3819 importabit
890 3734 1004 3800 unione
1026 3732 1075 3798 sui
1097 3730 1236 3813 corporis
1259 3747 1331 3794 cum

125 3849 157 3910 et
178 3863 236 3910 nos
258 3843 395 3929 perfecte
432 3866 529 3912 unum
564 3865 676 3930 corpus
696 3850 728 3912 01
751 3866 831 3912 unus
865 3851 942 3911 cum
959 3863 994 3909 eo
1018 3842 1147 3928 spiritus
1180 3840 1332 3906 fuerimus

125 3956 209 4022 sicut
241 3956 286 4020 ait
318 3958 500 4041 apostolus:
534 3957 607 4040 Qui
629 3957 826 4023 adhaeret
848 3955 1016 4021 Domino
1053 3975 1149 4022 unus
1172 3956 1267 4038 est⁸l
1302 3961 1333 4022 01

126 4066 208 4134 010111
240 4084 302 4132 una
334 4068 487 4152 gloriatur
510 4085 695 4153 sponsarum
731 4068 947 4153 experimentis
971 4067 1080 4133 edocta
1097 4066 1166 4150 jam
1187 4068 1332 4152 inquiens

125 4197 238 4264 corpus
272 4178 340 4263 ejus
370 4182 493 4267 corpori
523 4202 592 4247 meo
616 4180 772 4248 sociatum
795 4182 852 4246 est.
876 4178 967 4262 Quid,
990 4178 1129 4263 inquam,
1152 4178 1332 4244 deliciarum

124 4289 188 4358 illic
223 4289 359 4376 quinque
390 4291 532 4360 sensibus
566 4295 682 4362 nostrie
715 4295 829 4362 unione
859 4292 908 4358 sui
938 4292 1077 4380 corporis
1099 4309 1162 4358 non
1183 4289 1333 4377 portabit,

228 4533 247 4602 ¹)
268 4534 324 4588 cod.
343 4531 385 4587 ab.
406 4557 440 4570 -
463 4528 485 4603 ²)
503 4531 525 4588 1.
546 4532 603 4592 cer.
625 4533 651 4590 6.
672 4531 716 4593 13.
740 4559 770 4572 ·-
795 4529 818 4601 ⁸)
836 4529 858 4586 1.
879 4529 981 4588 0116.
1004 4529 1264 4682 1111100111ἑ11.

1191 4618 1211 4683 2
