3172 5202
1283 407 1325 473 89

122 579 164 641 ut
185 575 283 661 ajunt,
319 574 436 658 absque
467 575 606 658 ipserum
645 575 772 640 scientia
795 578 826 641 et
848 593 1001 642 consensu
1022 595 1041 642 a
1063 576 1219 662 praefecto
1242 577 1328 644 urbis

122 687 246 753 Romae
268 686 305 752 de
328 685 386 752 sub
409 702 516 751 eornm
539 686 689 765 custodia,
723 687 755 750 in
778 703 839 768 qna
862 687 1034 768 tenebatur,
1069 695 1194 774 ereptus
1217 707 1253 756 ac
1275 710 1331 775 pro

122 795 254 882 speciali
273 813 367 864 causa
390 797 510 862 occisus
533 795 573 861 ab
585 796 651 880 ejus
669 797 766 862 001110
784 800 842 878 001,
860 799 1028 863 maximam
1044 800 1197 884 siquidem
1209 802 1329 868 cladem

123 925 164 974 ex
186 905 348 974 occasione
371 907 511 991 ejusdem
533 909 691 975 doctrinae
711 909 795 973 idem
810 909 987 994 praefectus
1003 927 1021 974 a
1036 909 1186 978 Romanis
1209 913 1328 980 civibus

122 1037 294 1104 perpessus
326 1017 491 1085 fuerat-
515 1037 609 1103 quare
642 1038 704 1085 non
738 1021 849 1087 saltem
883 1020 923 1084 ab
958 1019 1053 1087 occisi
1074 1023 1261 1088 crematione
1295 1041 1331 1092 ac

124 1129 344 1196 submersione
367 1130 433 1212 ejus
457 1130 609 1196 occisores
624 1133 813 1211 metuerunt,
836 1135 987 1214 quatenus
1003 1151 1021 1197 a
1036 1134 1128 1198 domo
1145 1133 1329 1199 sacerdotali

125 1241 290 1326 sanguinis
325 1243 464 1325 quaestio
497 1245 730 1323 semetsemet,
765 1241 848 1308 sicut
881 1244 982 1309 David
1005 1246 1161 1328 quondam
1182 1245 1329 1310 honestas

125 1351 237 1418 Abner
270 1353 413 1436 exequias
445 1352 582 1436 providit
615 1357 708 1436 atque
741 1357 812 1420 ante
844 1357 929 1438 ipsas
951 1354 1046 1432 derit
1080 1359 1116 1420 ut
1149 1357 1331 1440 sanguinem

125 1460 342 1529 fraudulenter
372 1459 507 1528 effusum
528 1481 546 1528 a
570 1465 661 1529 domo
695 1463 866 1530 0011110110
890 1483 946 1529 suo
968 1469 1168 1533 removeret?
1212 1468 1273 1535 Sed
1294 1468 1332 1534 de

126 1574 179 1640 his
201 1574 265 1659 ipsi
285 1573 428 1638 viderint.
452 1573 539 1640 Nihil
554 1575 637 1640 enim
657 1594 751 1661 super
765 1574 813 1640 his
828 1579 936 1640 nostra
950 1577 1089 1657 interest,
1113 1578 1331 1663 nisicnperem

127 1685 225 1750 matri
245 1687 371 1750 nostrae
393 1689 518 1751 sanctae
540 1686 699 1753 Romanae
735 1687 883 1752 ecclesiae
904 1687 936 1752 id
959 1690 1042 1770 quod
1064 1689 1189 1770 bonum,
1208 1690 1332 1775 justum

128 1797 163 1862 et
183 1795 351 1861 honesturn
373 1799 429 1861 est.
453 1795 533 1861 Sane
556 1797 592 1862 de
615 1797 755 1863 doctrina
777 1801 809 1862 et
830 1803 903 1864 nece
918 1799 1048 1864 Arnoldi
1069 1800 1183 1867 idcirco
1198 1801 1332 1868 inserere

127 1906 288 1994 praesenti
310 1908 377 1973 loco
408 1909 502 1988 101111,
525 1927 564 1974 ne
586 1907 633 1974 vel
656 1909 814 1974 doctrinae
836 1909 903 1992 ejus
926 1927 1047 1994 pravae,
1085 1929 1164 1994 quae
1186 1913 1246 1979 etsi
1268 1912 1332 1978 zelo

128 2019 211 2086 forte
234 2019 317 2085 bono
340 2018 394 2084 001
415 2021 529 2086 minori
551 2020 678 2084 scientia
701 2020 823 2104 prolata
847 2023 904 2098 001,
928 2022 978 2085 101
1000 2023 1067 2087 neci
1089 2022 1155 2105 eJus
1168 2039 1333 2108 perperam

132 2137 222 2198 actae
258 2131 365 2198 videar
393 2147 557 2196 assensum
578 2129 735 2214 praebere.
780 2129 851 2195 Non
874 2132 956 2197 enim
979 2134 1148 2199 condemno
1171 2134 1334 2200 ecclesiam

130 2244 190 2310 Dei
212 2243 263 2309 vel
285 2244 486 2309 ecclesiarum
518 2244 676 2326 praesules
711 2242 828 2326 regalia
860 2243 1054 2328 possidentes
1077 2246 1170 2311 ateis
1192 2245 1276 2312 licito
1298 2265 1334 2311 ac

131 2356 274 2422 modeste
285 2357 418 2436 utentes,
440 2355 513 2419 licet
534 2351 704 2418 laboriosas
728 2371 836 2418 eorum
858 2372 946 2420 curas
970 2359 1001 2420 et
1024 2358 1242 2441 occupationes
1266 2375 1335 2422 mo·

130 2469 230 2534 100100
253 2466 526 2550 sexagenariaeilli
539 2465 720 2538 domusDei
742 2466 917 2531 eelsitudini
939 2467 1112 2533 assimilare
1133 2467 1211 2532 mihi
1232 2467 1334 2532 visum

133 2579 185 2645 sit.
220 2578 309 2661 Quod
341 2595 413 2642 1010
447 2578 587 2662 plerique
622 2577 796 2642 sacerdotes
830 2577 879 2641 101
912 2577 1052 2662 episcopi
1085 2581 1152 2642 1010
1176 2596 1209 2642 00
1231 2577 1334 2642 0111110

133 2686 345 2756 saecularibus
367 2689 501 2773 negotiis
524 2689 572 2752 101
594 2686 715 2752 actibus
737 2686 930 2771 impendunt,
955 2686 1044 2753 obliti
1068 2706 1147 2771 quae
1170 2687 1335 2754 sacerdotii

134 2805 218 2879 sunt,
254 2801 335 2885 quod
369 2799 509 2885 deposito
544 2798 647 2882 gladio
681 2796 837 2882 spirituali
868 2797 1011 2883 proprias
1044 2799 1147 2884 gladie
1182 2797 1336 2864 materiali

134 2914 239 2979 ultum
271 2912 310 2978 iri
342 2915 455 2997 parant
487 2908 626 2993 injurias,
661 2910 743 2993 quod
777 2909 966 2974 vindicantes
989 2929 1022 2975 00
1043 2910 1194 2976 laesiones
1216 2909 1249 2974 iu
1270 2927 1336 2975 cor-

134 3023 266 3110 poribus
297 3028 352 3090 ant
373 3022 465 3090 rebus
495 3023 539 3088 010
560 3041 640 3114 quos
661 3021 802 3088 inimicos
838 3021 1015 3088 existimant
1036 3025 1159 3107 praeter
1179 3021 1336 3105 legitimas

134 3140 310 3224 potestates
343 3136 570 3215 machinantur,
607 3137 689 3219 qnod
723 3155 831 3202 currus
854 3135 913 3201 sibi
936 3139 968 3200 et
988 3135 1107 3220 equites
1141 3154 1177 3200 01
1208 3134 1336 3200 decimis

134 3249 269 3334 aliisque
302 3246 441 3315 fidelium
463 3241 670 3313 oblationibus
694 3247 914 3332 multiplicant,
948 3251 984 3313 ut
1005 3245 1206 3313 terribiliores
1228 3245 1338 3312 01101-

135 3361 324 3440 0011100101,
359 3360 502 3444 quodque
536 3360 692 3443 equitatus
729 3378 857 3425 numero
881 3358 1034 3424 sublevati
1055 3359 1209 3445 populum
1231 3375 1337 3422 saecu·

136 3474 246 3540 lariter
268 3472 399 3538 1110010
422 3472 454 3536 iu
487 3470 668 3556 Aegyptum
691 3471 860 3538 reducunt:
881 3470 956 3538 11000
975 3473 1007 3536 01
1030 3473 1131 3536 001010
1152 3468 1201 3534 his
1224 3466 1338 3532 similia

138 3585 187 3651 vel
202 3585 357 3651 deteriora
373 3582 412 3649 ad
427 3582 626 3649 desolationis
644 3580 906 3648 abominationem
927 3582 959 3647 in
981 3582 1048 3648 loco
1072 3583 1179 3646 0011010
1202 3581 1338 3644 0101110111

136 3694 294 3781 pertinere
315 3711 377 3760 non
400 3694 548 3761 dubitem.
573 3693 696 3776 Quanto
720 3694 802 3759 enim
818 3693 934 3760 Christi
955 3692 1123 3777 patientiae
1146 3695 1177 3758 et
1198 3708 1338 3757 mansue·

138 3806 240 3872 tudini
263 3805 427 3872 dissimilia
445 3808 519 3871 sunt
541 3807 628 3870 tanto
651 3804 689 3870 ad
712 3805 947 3870 similitudinem
981 3802 1154 3869 antichristi
1178 3803 1336 3871 accedunt.

595 4120 705 4188 cap.
723 4119 887 4187 XLIII.

182 4243 229 4312 lle
251 4241 424 4330 sexaginta
456 4242 573 4311 cubitis
602 4240 787 4312 altitudinis
809 4242 923 4330 templi
945 4241 987 4311 ad
1009 4242 1131 4310 clerum
1153 4237 1295 4310 collatio.

242 4429 311 4498 Nec
332 4450 405 4498 1010
421 4433 522 4498 solum
536 4433 568 4498 in
585 4432 738 4519 episcopis
753 4432 910 4517 plerisque
926 4447 1149 4516 sexagenorum
1163 4427 1342 4496 cubitorum

141 4542 281 4629 typicam
300 4543 397 4624 illam,
422 4559 500 4625 quae
517 4543 586 4628 iam
608 4543 692 4612 dicta
713 4546 774 4624 001,
799 4543 1012 4610 celsitudinem
1036 4541 1090 4608 sed
1113 4545 1145 4606 et
1165 4541 1198 4608 in
1221 4538 1340 4622 reliquo
