3168 5214
235 401 298 469 346

144 615 147 624 ·
235 595 295 660 que
316 579 425 642 sancto
448 577 624 643 confitente.
647 575 731 641 Nam
753 593 824 642 cum
848 575 943 641 Pater
964 576 1002 641 de
1017 596 1051 643 se
1066 576 1217 660 Spiritum
1232 549 1306 643 dare
1319 571 1434 658 possit,

232 686 369 771 itemque
392 685 530 772 Spiritus
558 692 684 754 sanetus
707 689 909 773 semetipsum
931 690 1004 756 dare
1025 695 1136 774 potens
1160 689 1210 771 sit,
1246 691 1358 773 utpote
1380 683 1438 750 ubi

233 797 302 862 vult
322 799 444 883 spirans
467 802 499 864 et
520 799 659 864 dividens
683 799 813 883 singulis
836 801 917 864 dona
940 818 996 866 sua
1017 803 1111 885 prout
1133 801 1216 881 vult,
1240 818 1312 864 curn
1332 795 1434 861 Filius

233 909 402 973 secundum
437 913 524 976 tuam
558 910 731 976 doctrinam
752 911 785 975 in
805 911 863 977 hnc
886 916 974 995 parts
996 912 1151 996 impotens
1175 912 1226 992 sit,
1261 908 1435 976 secuudum

233 1025 264 1085 te
287 1019 372 1086 Deus
405 1038 496 1088 verus
519 1039 580 1084 non
603 1021 668 1087 erit.
713 1022 783 1088 Hoc
816 1024 897 1089 enim
931 1025 997 1090 solo
1020 1026 1155 1107 excepto,
1179 1021 1274 1106 quod,
1297 1021 1324 1086 si
1346 1019 1437 1084 fieret

231 1149 434 1212 personamm
456 1132 670 1198 confusionem
693 1134 861 1216 induceret,
896 1134 972 1200 nihil
1017 1133 1265 1220 unaquaelibet1)
1289 1135 1322 1198 iu
1344 1129 1437 1196 triui-

232 1246 297 1308 tate
318 1263 521 1328 personamm
543 1248 656 1330 potest,
671 1246 754 1327 quod
775 1246 866 1312 alteri
888 1246 1080 1331 impossibile
1102 1248 1149 1312 vel
1167 1247 1270 1312 minus
1285 1240 1437 1330 possibile

232 1356 283 1422 sit.
305 1358 389 1424 Nam
411 1359 493 1441 quod
516 1357 609 1425 Pater
632 1361 717 1426 solus
739 1360 843 1443 potuit
865 1361 960 1425 talem
983 1359 1044 1425 sibi
1065 1358 1208 1424 videlicet
1230 1355 1437 1423 consubstan-

232 1466 338 1532 tialem
361 1465 460 1534 filium
483 1487 640 1553 generare,
664 1490 735 1537 oum
758 1472 841 1537 filius
863 1475 918 1536 aut
940 1470 1077 1557 Spiritus
1100 1473 1226 1534 sanctus
1249 1469 1308 1533 hoo
1330 1467 1437 1549 ipsum

232 1595 294 1640 non
316 1578 427 1661 possit,
461 1598 523 1644 non
556 1583 605 1645 est
625 1581 827 1665 impotentiae
860 1582 914 1646 sed
947 1579 1178 1646 convenientiae
1211 1577 1436 1663 deputandum.

232 1686 453 1757 inconveniens
487 1691 569 1755 enim
591 1696 684 1773 esset,
708 1693 734 1757 si
756 1692 839 1758 filius
863 1691 989 1757 sibimet
1020 1691 1080 1775 ipsi
1101 1690 1199 1756 Pater
1221 1689 1365 1755 existeret
1387 1687 1440 1752 vel

231 1800 327 1864 alium
349 1801 386 1865 de
408 1820 441 1866 se
463 1800 523 1867 sibi
545 1802 780 1867 coessentialem
801 1802 916 1867 Filium
937 1806 1109 1886 generaret.
1154 1802 1223 1866 Hoc
1245 1800 1329 1866 enim
1351 1801 1436 1864 esset

231 1911 401 1976 secundum
434 1911 604 1979 Sabellium
641 1931 788 1996 personas
826 1913 1015 1980 contundere
1051 1917 1106 1979 aut
1138 1914 1221 1978 ultra
1256 1911 1432 1978 ternarium

230 2022 445 2106 multiplicare.
479 2024 569 2106 Quod
589 2025 696 2108 utique
717 2025 935 2090 inconveniens
960 2024 1042 2090 sicut
1059 2026 1180 2091 nullum
1204 2042 1327 2109 quoque
1349 2021 1437 2087 aliud

229 2135 263 2198 in
286 2135 388 2199 Deum
422 2137 530 2201 cadere
562 2121 756 2220 impossibile
786 2140 843 2217 est,
878 2156 934 2202 uec
956 2138 988 2202 in
1010 2136 1069 2204 hoo
1103 2137 1198 2203 ullius
1219 2136 1252 2201 in
1277 2134 1435 2200 Trinitate

229 2264 381 2330 personae
403 2249 543 2331 potentia
565 2246 729 2330 minuitur,
743 2247 957 2327 sedsalvatur‚
982 2249 1064 2332 quod
1086 2266 1178 2314 omne
1199 2247 1284 2333 apud
1301 2263 1371 2312 eam
1385 2246 1436 2312 in·

231 2360 414 2424 couveniens
448 2359 642 2442 impossibile
664 2361 720 2424 est.
766 2358 841 2425 Jam
863 2378 936 2425 vero
959 2359 986 2424 si
1008 2360 1070 2424 ista
1091 2377 1192 2444 pauca
1215 2360 1297 2442 apud
1317 2362 1350 2424 te
1371 2377 1435 2424 non

230 2468 395 2553 proliciunt
416 2489 472 2536 neo
495 2472 584 2554 plura
606 2490 700 2555 posse
722 2472 804 2555 apud
825 2476 857 2538 te
879 2471 1029 2556 proficere
1050 2472 1195 2538 arbitror.

208 2624 230 2692 6
332 2579 425 2648 Unde
447 2601 519 2649 cum
542 2582 618 2647 mihi
641 2603 743 2650 sermo
767 2588 871 2650 tecum
892 2583 1079 2651 breviandus
1102 2585 1153 2665 sit,
1177 2582 1299 2649 veniam
1321 2582 1362 2647 ad
1382 2599 1435 2648 ar·

230 2696 388 2778 gemente,
421 2711 501 2776 quae
523 2713 603 2760 unus
626 2698 752 2760 tuorum
776 2695 954 2779 sapientum
976 2693 1058 2779 regis
1081 2693 1129 2758 tui
1147 2693 1187 2758 ad
1207 2697 1352 2758 nostrum
1373 2691 1435 2756 im·

228 2808 403 2888 peratorem
418 2806 449 2869 in
464 2823 526 2870 una
542 2805 706 2870 domorum
720 2810 899 2870 nostrarum
920 2806 1020 2891 pita
1031 2809 1046 2871 t
1056 2806 1068 2870 i
1079 2801 1126 2890 ql)
1137 2803 1287 2888 inscripta
1295 2801 1432 2886 reliquit.

229 2916 325 2999 Quasi
347 2917 429 2982 enim
450 2935 513 2981 non
535 2915 592 2981 tibi
614 2915 750 2983 sufficiat
772 2917 831 2983 soli
854 2936 956 2984 errare
970 2923 1094 2984 nostros
1111 2936 1234 3003 qnoque
1249 2920 1282 2983 in
1296 2936 1434 2984 errorem

229 3027 293 3093 tuis
315 3028 509 3112 argumentis
531 3027 656 3093 mittere
679 3030 811 3095 conaris.
856 3028 1051 3116 Argumenta
1072 3030 1142 3115 ipsa
1165 3027 1393 3114 subjungimus,
1405 3028 1433 3094 si

229 3143 311 3210 forte
333 3142 488 3204 annuente
511 3139 646 3205 Domino
667 3141 836 3207 dissolvere
859 3143 1028 3209 valeamus.

208 3284 229 3354 7
328 3249 477 3318 araceus.
521 3250 558 3318 Si
592 3253 748 3336 quoniam,
773 3254 887 3337 inquis,
912 3272 1009 3320 unum
1045 3255 1120 3320 sunt
1153 3254 1248 3319 Pater
1267 3255 1299 3317 et
1319 3250 1430 3333 Filius,

229 3367 303 3429 sunt
335 3367 440 3430 autom
478 3366 601 3431 omnino
625 3383 723 3429 unum
745 3369 866 3446 natura,
890 3365 958 3430 ideo
982 3365 1244 3449 quemadmodum
1266 3363 1304 3428 de
1325 3361 1430 3442 Patre,

227 3473 272 3539 ita
294 3477 325 3539 et
346 3492 365 3539 a
386 3475 466 3540 Filio
499 3477 728 3543 eoncedendum
763 3481 812 3542 est
830 3479 995 3562 procedere
1018 3477 1171 3564 Spiritum
1205 3479 1349 3542 sanctum
1370 3473 1431 3541 hoc

228 3586 312 3652 enim
332 3589 546 3672 vaniloquium
566 3590 655 3654 latini
678 3589 804 3674 spiritus
828 3590 931 3676 exigit,
945 3590 1174 3657 eoncedendum
1191 3588 1299 3673 utique
1321 3586 1431 3652 eadem

228 3697 347 3764 rationo
380 3703 463 3765 esset
485 3704 516 3766 et
538 3700 653 3766 Filium
671 3702 856 3782 necessario,
881 3702 963 3767 sicut
984 3721 1002 3767 a
1023 3702 1127 3782 Patre,
1146 3701 1192 3766 ita
1214 3705 1245 3766 et
1266 3717 1285 3764 a
1307 3697 1431 3785 Spiritu

227 3810 378 3894 generari,
401 3810 475 3896 quia
497 3813 528 3876 et
551 3810 648 3878 Pater
669 3817 700 3878 et
722 3812 859 3901 Spiritus
882 3833 979 3878 unum
1001 3817 1075 3879 sunt
1097 3816 1218 3878 natura.
1245 3811 1429 3880 sinautem

227 3910 347 4003 κινδύνῳ
361 3924 382 3987 i.
395 3942 420 3988 e.
434 3923 595 4008 pericula)
608 3924 981 4010 demonstraturSpiritus
993 3943 1055 3991 non
1066 3943 1163 3989 unum
1175 3940 1243 3989 esse
1255 3941 1326 3989 cum
1334 3923 1430 3988 Patre

228 4038 259 4100 et
280 4034 359 4100 virio
384 4039 415 4101 et
437 4055 545 4102 rursus
557 4035 703 4103 audacior
715 4036 1072 4104 efliciturMaoedonius.
1086 4035 1219 4102 Omnino
1232 4034 1309 4101 fides
1321 4034 1431 4100 nostra

227 4145 323 4212 lixum
338 4149 423 4212 tenet
438 4167 534 4214 unum
552 4167 620 4214 esse
631 4151 742 4214 natura
753 4147 881 4215 Patrem
894 4151 926 4214 et
938 4148 1052 4213 Filium
1064 4149 1096 4212 et
1107 4146 1262 4233 Spiritum
1274 4149 1429 4212 sanctum.

326 4253 470 4325 Latinus.
506 4262 628 4344 Quaero
652 4263 757 4327 autem
784 4264 865 4342 ate,
903 4260 972 4344 quis
1005 4275 1154 4342 umquam
1189 4257 1311 4342 sapiens
1343 4256 1427 4322 nati·

328 4418 346 4488 ¹)
366 4421 421 4475 eod.
438 4425 490 4474 ima
510 4422 598 4490 quael.
613 4421 632 4492 ¹)
638 4420 721 4474 Πειθώ
732 4439 813 4477 sermo
827 4424 1004 4491 persuasorius
1023 4438 1039 4474 a
1056 4422 1135 4476 verbo
1154 4421 1233 4476 πείθω
1260 4422 1427 4492 persuadere.

228 4493 249 4562 Ι)
268 4493 324 4549 eod.
344 4495 478 4564 Kyudedo.
