3168 5214
221 393 285 460 310

220 562 392 651 spiritualis
425 563 531 648 rigore
564 561 659 628 etiam
690 559 861 626 diuuibtis
895 559 1099 626 inhabitantis
1128 561 1230 646 gratia
1265 563 1425 644 operatur.

220 675 310 742 Unde
332 675 492 760 apostolus
515 691 619 739 coram
642 671 785 738 coelestis
814 673 966 738 exereitus
989 672 1165 757 praesentia
1187 691 1221 738 se
1243 688 1334 756 agere
1356 691 1425 738 non

221 784 386 851 dubitans:
419 782 719 869 Spectaculum,
741 783 854 865 iuquit,
876 781 981 848 fecti
1003 801 1138 850 sumus
1160 782 1254 849 huie
1275 785 1424 852 mundo

222 897 260 960 et
280 895 442 980 augelis
465 898 506 961 et
527 893 795 978 hominibus.¹)
829 893 952 978 Dignus
975 895 1066 978 plone
1088 896 1141 979 qui
1163 898 1357 980 spectaretur
1377 894 1425 961 ab

221 1005 340 1089 angelis
363 1008 473 1091 utpote
494 1006 661 1073 coelestem
683 1006 827 1072 militiam
849 1023 944 1091 agens
967 1007 1000 1071 in
1022 1004 1122 1071 terris.

600 1433 602 1441 '
701 1431 811 1499 cap.
831 1430 952 1488 mx,

444 1579 490 1647 lle
511 1579 688 1669 prophetae
709 1578 833 1647 illisaei
855 1578 1022 1668 spirituali
1042 1579 1200 1668 potentie.

325 1767 417 1834 Libet
437 1767 489 1834 hic
510 1768 602 1833 unius
625 1769 701 1833 ciris
724 1784 876 1853 supernae
897 1768 1020 1854 patriae
1034 1766 1223 1845 meminisse,
1247 1765 1300 1849 qui
1322 1765 1430 1830 adbuc

225 1879 257 1945 iu
280 1895 370 1944 carue
400 1879 523 1964 positus
559 1878 701 1946 coelestis
735 1878 872 1944 theoriae
894 1879 970 1945 adeo
993 1880 1149 1964 particeps
1172 1876 1274 1942 lactus
1297 1880 1355 1956 est,
1388 1881 1431 1940 ut

227 1989 329 2074 spatia
350 1990 491 2056 locorum
513 1992 544 2055 et
565 1991 720 2074 parietum
743 1989 906 2057 obstacula
928 2009 1149 2077 supergressus
1171 1988 1312 2055 absentia
1327 1987 1430 2053 ueluti

226 2101 402 2186 praesentia
423 2100 579 2167 interioris
601 2101 736 2168 hominis
759 2099 901 2168 sensibus
924 2106 1063 2169 cerneret
1084 2106 1178 2186 atque
1198 2100 1327 2166 audiret.
1361 2098 1430 2163 Eli·

229 2227 320 2276 saeus
342 2210 394 2277 hic
417 2216 492 2279 erat.
516 2212 578 2295 Qui
591 2213 720 2296 loquens
736 2213 775 2277 ad
791 2211 892 2279 Giezi:
915 2212 1062 2293 Nonne,
1085 2212 1196 2297 inquit,
1219 2227 1431 2276 cormeum

229 2320 505 2406 inpraesenti
538 2326 645 2402 erat,
679 2325 843 2407 quaudo
877 2343 1059 2391 reversus
1094 2329 1157 2391 est
1189 2321 1429 2388 adtehomo

229 2432 276 2497 cle
309 2451 426 2499 curru
459 2436 551 2502 suot
607 2433 719 2501 Nune
751 2437 884 2520 igitur
917 2435 1117 2520 accepisti
1150 2435 1359 2519 argentum
1391 2432 1433 2494 et

230 2545 403 2631 restesl)
446 2547 507 2630 Qui
529 2546 625 2612 etiam
647 2563 692 2625 ea,
727 2565 806 2630 quae
839 2566 891 2613 rer
912 2545 1019 2631 Syriae
1038 2547 1072 2612 iu
1094 2544 1232 2612 conclavi
1264 2561 1320 2610 suo
1355 2558 1431 2607 cum

231 2660 328 2728 serris
362 2659 426 2726 suis
448 2661 573 2726 locutus
597 2663 656 2738 est,
677 2659 744 2743 regi
771 2657 871 2724 Israel
903 2661 1013 2745 utpote
1043 2656 1290 2741 praesentialiter
1322 2654 1432 2720 audita

229 2771 394 2838 nuntiarit.
437 2771 475 2837 In
497 2770 552 2836 illo
574 2774 606 2835 et
626 2769 660 2834 in
681 2770 744 2849 illo,
774 2770 928 2853 iuquiens,
963 2771 1031 2836 loco
1054 2767 1126 2853 Syri
1146 2767 1179 2832 in
1200 2766 1321 2834 insidiis
1344 2769 1432 2832 sunt.

230 2883 320 2965 Quod
341 2882 369 2948 si
390 2880 560 2966 prophetae
592 2879 693 2946 adhuc
714 2880 747 2945 in
768 2898 860 2945 carue
892 2879 996 2966 posito
1026 2880 1208 2963 animaeque
1237 2876 1431 2963 prophetalis

231 2991 373 3059 sensibus
395 2993 550 3077 parietum
573 2989 734 3057 obstacula
757 2991 851 3056 simul
866 2994 898 3056 et
912 2992 1052 3057 loeorum
1074 2991 1243 3077 longinquo
1265 2991 1433 3056 intervalla

228 3103 314 3169 nulla
345 3099 470 3168 fuerunt
492 3105 524 3166 et
544 3105 705 3186 tamquam
737 3101 869 3167 nihilum
891 3106 923 3168 et
944 3103 1035 3168 inane
1057 3105 1202 3188 reputata
1223 3107 1307 3184 suut,
1329 3102 1427 3186 idque

231 3231 267 3278 er
288 3211 464 3298 praesentia
486 3211 582 3277 divini
605 3211 734 3296 spiritus
758 3214 861 3278 omnia
894 3213 1080 3280 continentis
1104 3218 1136 3280 et
1158 3213 1320 3279 scientiam
1341 3214 1432 3279 vocis

231 3321 385 3402 habentis,
419 3326 534 3406 quanto
563 3323 663 3409 magis
686 3343 722 3390 er
744 3323 882 3409 ejusdem
916 3323 1043 3408 spiritus
1077 3325 1301 3392 inhabitatione
1333 3325 1434 3391 iidem

233 3438 332 3506 sancti
354 3437 412 3505 Dei
444 3437 586 3502 homiues
608 3455 700 3504 carue
729 3442 820 3505 exuta
841 3441 890 3506 rel
912 3439 1037 3505 mortali
1069 3438 1152 3505 faeta
1174 3439 1207 3504 in
1228 3436 1330 3505 Verbo
1353 3437 1430 3522 Dei,

231 3572 287 3638 per
308 3552 390 3636 quod
422 3549 506 3616 foeta
538 3551 612 3615 sunt
645 3549 757 3628 omnio,
794 3569 849 3634 per
880 3550 962 3634 quod
995 3550 1201 3634 disponuntur
1223 3555 1255 3616 et
1276 3555 1431 3637 reguntur

233 3661 347 3741 omnia,
380 3661 486 3727 videm
507 3659 621 3740 omnia,
658 3679 738 3746 quae
769 3659 954 3726 beatitudini
986 3661 1125 3746 ipsorum
1159 3662 1262 3728 molere
1284 3665 1315 3728 et
1336 3681 1433 3730 nosse

234 3773 386 3839 conducit.
423 3770 644 3856 Unusquisque
667 3775 771 3838 amen
792 3790 847 3856 pro
870 3772 989 3840 theoria
1012 3772 1072 3839 sibi
1095 3771 1270 3839 distributa.
1314 3773 1378 3856 Qui
1399 3777 1434 3840 et

234 3881 439 3966 praesentiam
473 3901 563 3951 suam
596 3902 651 3966 per
676 3883 816 3968 ejusdem
837 3884 933 3950 Verbi
964 3884 1078 3969 ubique
1099 3885 1270 3969 praesentis
1293 3885 1432 3970 gratiam

234 3996 266 4060 et
287 3993 434 4059 virtutem
456 3993 510 4059 ubi
531 3993 640 4060 volunt
662 3992 804 4060 exhibere
818 3997 960 4078 possunt,
984 4014 1056 4061 oum
1077 3995 1162 4061 aliud
1184 3996 1264 4062 velle
1285 3996 1346 4081 ipsi
1368 4015 1434 4062 non

233 4105 364 4192 possint,
397 4105 458 4171 nisi
489 4106 572 4189 quod
592 4106 702 4172 honori
723 4108 783 4172 Dei
815 4124 951 4192 suaeque
984 4105 1169 4174 beatitudini
1192 4108 1286 4175 simul
1309 4113 1341 4175 et
1363 4129 1434 4176 cre·

235 4218 374 4284 dentum
405 4215 506 4284 adhuc
526 4218 558 4283 in
580 4235 671 4285 carne
702 4219 883 4303 degentium
916 4220 1011 4286 saluti
1044 4218 1198 4286 conducit.
1243 4219 1324 4302 Quid
1348 4221 1432 4304 quod

237 4389 484 4398 *nnn-m

339 4482 358 4553 ¹)
377 4483 398 4537 1.
418 4480 474 4538 Gor.
493 4482 519 4539 4.
539 4481 566 4539 9.
586 4511 619 4524 -
641 4481 727 4553 ¹)1v.
747 4498 804 4550 reg.
824 4483 850 4541 5.
869 4483 913 4538 26.
