3158 5212
1321 390 1363 457 25

156 573 190 636 11
210 589 372 656 synagoga
395 574 531 637 satanae.
553 567 673 652 Quibus
696 571 728 633 et
750 567 809 633 hoc
832 567 872 632 ad
895 564 1055 632 cumulum
1073 564 1280 630 damnationis
1303 566 1362 644 est,

157 685 242 768 quod
264 682 510 748 Christianitatis
532 681 581 747 vel
603 679 762 764 religionis
785 677 917 764 alicujus
933 676 1137 760 professionis
1153 676 1277 741 nomine
1291 694 1364 741 cen·

156 797 275 874 santur,
313 813 385 872 cum
421 813 492 860 vere
528 791 689 859 christiani
725 795 757 856 et
794 789 931 874 religiosi
971 808 1034 853 non
1072 788 1144 867 sint,
1171 789 1237 854 sed
1259 787 1363 871 potius

156 905 299 971 membra
321 907 385 972 sint
406 905 593 971 antichristi.
615 905 652 970 In
676 921 807 987 quorum
829 919 958 966 numero
982 904 1056 966 sunt
1078 917 1186 965 omnes
1208 901 1362 965 1111111-

156 1018 242 1083 dotio
277 1035 356 1101 quae
379 1034 435 1082 sua
458 1019 532 1082 suut
554 1017 735 1098 quaerentes
766 1030 828 1077 non
851 1028 929 1094 quae
952 1011 1031 1077 Jesu
1054 1011 1180 1092 christi,
1204 1012 1364 1077 simoniaci

156 1133 189 1193 et
220 1129 253 1193 11
287 1129 384 1194 sacris
419 1125 578 1191 ordinibus
615 1126 842 1190 incontinenter
879 1124 1016 1188 11111111
1039 1128 1071 1188 11
1092 1125 1218 1206 insuper
1256 1125 1365 1188 contra

156 1241 362 1306 interdictum
395 1237 607 1304 sacrificantes
643 1241 675 1301 et
708 1236 921 1300 ministrantes
958 1238 989 1298 et
1021 1234 1206 1318 generaliter
1239 1238 1364 1301 sanctae

156 1350 371 1435 professionis,
394 1351 445 1416 cui
466 1350 617 1433 adscripti
640 1351 730 1428 sunt,
751 1364 895 1412 normam
916 1363 978 1409 non
1001 1350 1174 1431 sequentes.
1218 1347 1289 1412 Huc
1311 1363 1364 1412 ao-

157 1461 251 1542 codit,
286 1463 368 1545 quod
403 1463 485 1527 sicut
508 1462 539 1525 11
562 1461 688 1526 civitate
721 1459 874 1542 templum
907 1459 951 1522 ita
984 1460 1017 1522 in
1051 1457 1164 1542 populo
1187 1459 1251 1525 vita
1274 1456 1365 1524 debet

160 1592 230 1639 csse
251 1573 478 1658 religiosorum.
514 1572 576 1638 Sed
598 1573 673 1638 dum
694 1571 919 1656 professionem
943 1569 1109 1635 sublimem
1131 1569 1195 1635 vita
1217 1569 1365 1635 obscurat

158 1687 292 1766 terrena,
325 1686 401 1750 dum
424 1685 477 1769 qui
499 1685 623 1748 nomine
655 1687 687 1748 et
710 1685 840 1766 quaestu
863 1684 936 1746 sunt
959 1681 1071 1760 clerici,
1103 1679 1212 1746 habitu
1237 1681 1363 1761 milites,

158 1799 224 1863 vita
245 1798 392 1862 11111111
415 1801 497 1876 sunt,
521 1798 596 1862 dum
618 1815 680 1861 111
702 1797 805 1861 solum
827 1795 909 1860 sicut
923 1792 1056 1877 populus
1080 1793 1124 1857 sic
1149 1792 1292 1856 sacerdos
1308 1791 1364 1856 sed

158 1908 260 1974 multo
296 1909 430 1974 deterior
451 1927 470 1973 a
493 1908 726 1974 conversatione
758 1905 858 1990 plebis
892 1907 957 1970 vita
991 1903 1160 1969 sacerdotis
1190 1905 1249 1985 est,
1281 1901 1364 1967 haud

160 2017 301 2100 dubium,
325 2021 407 2103 quod
430 2019 539 2085 debuit
560 2038 628 2084 esse
651 2019 805 2102 templum
827 2019 910 2082 extat
926 2015 1073 2100 spelunca
1087 2015 1254 2091 latronum,
1277 2011 1366 2076 vani-

158 2131 234 2196 tatis
257 2131 517 2212 conventiculum,
540 2129 740 2197 volutabrum
762 2129 919 2194 vitiorum.
942 2126 1026 2193 Nam
1050 2125 1179 2210 quilibet
1196 2123 1359 2208 erpopulo

159 2260 221 2307 uno
252 2241 395 2325 legitimo
425 2241 515 2308 thoro
550 2244 714 2307 contentus
749 2244 797 2306 est
829 2243 884 2304 aut
905 2240 938 2303 in
960 2239 1095 2303 deterius
1129 2255 1279 2321 proruens
1301 2234 1362 2299 nisi

157 2351 352 2436 resipuerit²)
374 2370 429 2436 pro
453 2353 575 2418 ethnico
597 2351 792 2437 reputabitur
814 2353 847 2415 et
867 2349 1056 2434 publicano:
1098 2349 1157 2413 hoc
1179 2365 1252 2412 uero
1275 2344 1366 2411 cleri·

159 2481 271 2529 corum
291 2462 426 2528 biforme
447 2481 546 2546 genus
568 2463 820 2548 hippocentauris
837 2449 957 2539 simile,
973 2461 1062 2544 quasi
1082 2461 1164 2525 11111
1187 2461 1271 2524 certa
1293 2458 1365 2524 sede

158 2591 268 2640 carens
291 2574 329 2638 de
352 2573 444 2638 domo
469 2573 502 2638 in
523 2575 653 2639 domum
673 2573 869 2660 transsiliens
892 2572 967 2637 dum
989 2571 1166 2656 legitimum
1187 2589 1249 2636 non
1261 2573 1366 2654 potest

158 2682 277 2749 habero
306 2685 541 2751 matrimonium
572 2703 739 2752 numerosa
761 2686 899 2751 sectatur
920 2701 997 2766 pene
1018 2683 1144 2766 impune
1165 2680 1366 2748 contubernia

161 2793 362 2863 femmarum.

672 3087 784 3155 Gap.
806 3086 857 3145 V.

290 3201 337 3274 Ilo
359 3205 555 3293 spectaculis
577 3206 748 3276 theatricis
770 3207 806 3276 in
828 3207 968 3276 ccclesia
989 3207 1049 3275 llci
1072 3206 1236 3275 exhibitis.

263 3391 303 3456 111
323 3392 509 3474 sacerdotes,
544 3393 596 3477 qui
618 3395 771 3476 dicuntur,
803 3395 870 3479 J'am
901 3413 963 3460 non
997 3393 1144 3459 ccclesiae
1175 3393 1226 3459 vel
1257 3392 1364 3459 altaris

159 3501 335 3568 ministerio
357 3504 453 3570 dediti
463 3504 488 3590 2)
511 3508 661 3576 suntsed
683 3508 833 3574 exercitiis
848 3506 1006 3587 avaritiae,
1027 3505 1202 3569 vanitatum
1225 3505 1256 3568 ct
1279 3521 1367 3587 spec·

159 3614 348 3694 iaculorum,
370 3618 446 3684 adeo
468 3622 506 3685 ut
528 3620 673 3686 ecclesias
695 3620 790 3702 ipsas,
826 3619 969 3684 videlicet
991 3617 1167 3682 orationum
1189 3615 1310 3696 domus,
1333 3616 1366 3681 in

161 3724 287 3790 theatra
308 3732 502 3795 commutent
523 3748 560 3795 ao
581 3729 715 3795 mimicis
737 3729 882 3795 ludorum
898 3729 1082 3812 spectaculis
1099 3726 1258 3811 impleant.
1280 3727 1366 3793 luter

161 3853 243 3920 quae
279 3835 428 3904 nimirum
464 3843 640 3923 spctcaoula
677 3841 872 3907 adstantibus
909 3858 947 3905 ac
981 3838 1194 3922 spectantibus
1226 3839 1367 3922 ipsorum

160 3944 287 4014 feminis
320 3950 478 4016 interdum
501 3956 533 4018 et
556 3952 740 4036 antichristi,
776 3955 813 4018 de
837 3973 897 4039 quo
919 3951 1009 4018 nobis
1033 3970 1135 4018 sermo
1155 3953 1212 4032 est,
1246 3970 1308 4016 non
1330 3954 1366 4016 ut

161 4057 224 4140 ipsi
246 4060 414 4126 aestimant
434 4063 653 4148 imaginariam
669 4063 905 4130 similitudinem
928 4061 1071 4128 exhibent
1094 4063 1147 4128 sed
1170 4063 1203 4127 in
1225 4063 1365 4143 veritate,

162 4169 202 4232 ut
223 4170 308 4234 credi
329 4175 435 4255 potest
456 4174 629 4259 iniquitatis
650 4178 748 4262 ipsius
770 4177 956 4263 mysterium
978 4194 1034 4263 pro
1049 4178 1137 4263 parte
1154 4193 1211 4242 sua
1225 4175 1366 4262 implent.

268 4413 286 4480 ¹)
306 4415 362 4468 cod.
382 4416 518 4481 respuerit.

267 4510 287 4582 ¹)
307 4513 362 4568 cod.
383 4513 474 4566 debiti.
