3158 5212
272 433 314 498 46

272 606 354 690 quod
387 605 608 689 interpretatur
644 604 837 671 sublimis
873 626 1037 693 perversae
1070 610 1228 675 doctrinae
1264 613 1316 677 vel
1348 630 1472 679 morum

270 714 422 798 pravitate
444 716 661 806 corrumpitur.
706 717 797 800 Quod
819 737 891 783 oum
914 719 1094 785 multotiens
1129 720 1258 786 ecelesia
1287 721 1326 787 ab
1356 723 1470 807 iniquis

272 828 304 891 ct
326 826 429 910 pravis
451 825 630 892 hominibus
650 844 743 910 passa
765 827 816 910 sit,
839 847 1019 914 numquam,
1042 833 1078 895 nt
1099 830 1176 895 mihi
1198 830 1328 912 videtur,
1351 832 1471 898 foedius

269 937 460 1022 corruptioni
471 936 626 1022 subjacuit
640 956 733 1022 qnam
748 940 851 1022 morlo,
867 958 939 1006 cnm
954 941 1195 1007 simoniacorum
1214 945 1337 1008 caterva
1358 943 1469 1009 laxatis

268 1048 397 1116 habenis
433 1051 472 1115 acl
508 1048 574 1133 ejus
606 1050 783 1116 castitatem
822 1068 895 1117 suas
933 1051 1118 1137 cupiditates
1156 1054 1314 1138 expletura
1349 1055 1470 1139 irmpit.

269 1162 410 1246 Deniqne
431 1161 513 1226 sicut
534 1160 572 1226 tle
594 1161 745 1228 naviculis
768 1162 953 1247 evangelicis
976 1162 1132 1244 scribitur,
1156 1164 1302 1248 quoniam
1324 1166 1470 1250 impletae

269 1280 351 1358 sunt,
384 1274 429 1339 ita
449 1270 525 1357 ut1)
546 1279 768 1358 mergerentur,
784 1277 808 1352 ²]
832 1295 894 1342 non
916 1274 999 1360 quod
1021 1295 1142 1344 mersae
1164 1278 1228 1345 sint
1249 1278 1304 1344 sed
1326 1278 1407 1361 quod
1429 1276 1468 1341 ad

267 1387 456 1454 mersionem
471 1405 568 1471 usque
598 1387 809 1471 periclitatae:
845 1387 890 1452 ita
912 1390 945 1453 et
967 1388 1005 1452 de
1027 1388 1156 1454 ecelesia
1178 1389 1280 1455 dicere
1301 1406 1469 1473 pessumus

269 1498 352 1586 quod
389 1497 542 1581 ejusmodi
574 1497 807 1582 corruptoribus
842 1502 908 1565 tota
931 1499 959 1564 ei
980 1504 1080 1580 nocte,
1117 1500 1193 1566 hera
1216 1500 1360 1566 videlicet
1375 1497 1469 1564 'tene-

270 1608 409 1688 brarum,
431 1609 632 1676 illudentibus
655 1615 779 1676 mortua
799 1611 859 1677 ie.
881 1611 975 1676 morti
997 1611 1137 1695 proxima
1153 1611 1263 1678 effecta
1285 1614 1342 1677 est.
1365 1611 1467 1676 Immo

268 1738 340 1786 rere
363 1723 395 1787 et
415 1720 448 1785 in
470 1721 611 1804 pluribus
634 1721 770 1788 ecclesiis
800 1721 904 1788 vitalis
934 1726 1201 1788 sacramentorum
1223 1722 1317 1804 calor,
1340 1741 1376 1788 er
1398 1739 1460 1805 qno

269 1830 366 1896 vitam
387 1830 501 1897 habere
521 1834 681 1915 poterant,
717 1833 843 1917 penitus
869 1833 1021 1900 extinctus
1044 1835 1101 1914 est,
1136 1833 1290 1917 quomedo
1325 1836 1356 1899 et
1388 1831 1469 1916 ignis

267 1943 374 2009 altaris
385 1941 523 2023 Domini,
547 1941 601 2026 qui
621 1961 677 2026 per
698 1946 746 2009 tot
768 1962 865 2010 annos
890 1944 1078 2028 captivitatis
1099 1944 1303 2029 babylonicae
1328 1946 1469 2010 servatus

267 2054 378 2134 fuerat,
400 2051 516 2119 lasone
527 2069 563 2118 ac
574 2049 716 2119 Menelao
739 2054 913 2121 ementibus
937 2054 1145 2121 sacerdotium
1167 2055 1265 2121 fuisse
1286 2053 1468 2140 perhibetur

269 2164 432 2231 extinctae.

808 2552 928 2610 XIX.

507 2677 554 2744 lte
576 2675 732 2764 Gregorio
753 2675 826 2744 Vll.
849 2676 974 2764 atejus
996 2674 1115 2764 optimo
1135 2672 1217 2743 nelo.

365 2863 456 2930 Nunc
477 2862 525 2929 vir
546 2865 684 2946 mulieris
706 2863 799 2948 hujus
824 2862 965 2931 Christus
998 2882 1053 2947 per
1082 2879 1174 2927 suum
1196 2859 1356 2940 vicarium,
1380 2858 1467 2926 Petri

276 2992 497 3054 successorem,
536 2974 721 3058 Gregorium
743 2973 817 3039 Vll.
840 2976 914 3040 tunc
934 2973 1052 3038 Romae
1072 2972 1167 3040 Urbis
1189 2972 1367 3056 episcopum
1390 2968 1466 3056 qnid

269 3085 401 3169 gesserit
441 3085 604 3168 qualemve
625 3104 683 3170 pro
705 3085 808 3150 uxoris
841 3083 1032 3149 adulteratae
1053 3086 1154 3149 morte
1175 3083 1276 3148 uelum
1298 3080 1469 3147 ostenderit

268 3195 433 3262 tacendum
449 3215 511 3261 non
526 3196 671 3264 arbitror.
692 3196 829 3280 Dignum
854 3195 1008 3274 estasim,
1031 3194 1179 3277 temporis
1193 3192 1276 3258 illius
1291 3192 1466 3258 luctuosam

193 3287 195 3292 ¹
270 3307 463 3392 tragoediam
486 3309 702 3390 certamenque
724 3306 870 3372 ecclesiae
892 3309 1000 3372 contra
1021 3322 1187 3390 pravorum
1208 3301 1412 3387 pervicaciam
1433 3301 1467 3367 in

271 3417 417 3482 notitiam
433 3418 554 3485 extendi
568 3416 754 3484 futurorum.
777 3417 869 3482 Enim
890 3436 962 3482 rere
980 3416 1049 3500 jam
1070 3415 1170 3480 dictus
1184 3414 1273 3500 Papa
1295 3412 1464 3498 Gregorius

264 3525 336 3592 ΥΠ.
378 3528 569 3614 septiformis
606 3525 743 3615 Spiritus
779 3528 881 3613 gratia
916 3528 1048 3593 donatus
1084 3529 1156 3610 post
1177 3524 1292 3591 multas
1315 3527 1347 3591 et
1368 3523 1465 3589 fortes

271 3639 526 3706 commonitiones
538 3638 606 3724 jam
621 3639 702 3706 dicto
715 3639 896 3725 imperatori
916 3637 1045 3723 ejusque
1067 3635 1248 3702 consiliariis
1269 3654 1326 3722 per
1338 3633 1465 3700 nuntios

268 3765 305 3815 ac
325 3748 447 3816 litteras
470 3750 603 3816 directas
627 3750 815 3835 [mandevit]
832 3749 865 3833 ³),
882 3753 1033 3834 qnatenus
1056 3748 1138 3814 vitae
1158 3747 1302 3832 propriae
1323 3762 1463 3811 enormes

266 3881 408 3929 excessus
432 3861 610 3948 corrigeret,
648 3861 813 3947 praecipue
833 3879 905 3928 rere
927 3863 964 3925 ut
984 3859 1023 3925 ab
1045 3859 1215 3926 honeribus
1237 3855 1464 3937 ecclesiasticis,

265 3992 342 4060 quos
374 3973 563 4056 venditabat,
598 3973 743 4058 cuiquam
765 3971 957 4039 conferendis
990 3970 1112 4054 penitus
1135 3969 1315 4047 abstineret,
1349 3965 1463 4050 quippe

264 4085 347 4170 qnod
369 4083 436 4171 ejus
458 4083 553 4152 officii
573 4102 636 4151 non
657 4089 750 4168 esset,
778 4103 850 4151 cum
878 4101 988 4170 regum
1009 4100 1071 4148 nen
1093 4081 1135 4148 sit
1157 4077 1381 4148 ecclesiasticas
1406 4077 1460 4144 sed

365 4345 384 4419 ¹)
402 4346 434 4402 In
452 4348 541 4402 codiee
559 4349 632 4402 deest
650 4354 686 4404 ut.

364 4445 384 4514 ²)
404 4447 468 4502 Luc.
486 4444 513 4502 5.
533 4445 559 4502 ’1.

363 4542 385 4616 ⁸)
402 4545 483 4601 deest.
501 4546 529 4598 in
546 4544 643 4601 codiee.
