3168 5190
1281 411 1344 480 245

140 587 187 652 rel
207 585 407 652 immunditia
430 584 582 652 diabolica
603 585 734 664 tenca,
751 602 813 668 qua
835 585 949 647 natura
971 579 1106 648 humana
1133 599 1226 668 saepe
1248 583 1345 650 infoe-

140 696 240 764 cunda
261 695 420 778 redditur,
449 713 547 780 eaque
570 695 667 762 veluti
690 695 791 761 cordis
815 692 864 760 vel
882 691 997 776 jecoris
1021 692 1167 759 diabolici
1189 694 1342 777 particula

138 808 210 892 igne
230 809 440 893 poenitentiae
463 825 611 874 succensa
630 806 827 872 daemonium
842 805 968 891 pellere,
993 822 1052 887 quo
1072 804 1165 889 pulso
1188 823 1244 888 per
1266 806 1345 872 diui·

138 936 210 985 nam
232 919 430 986 clementiam
451 921 563 985 natura
584 921 718 1004 purgata
742 917 870 983 sanitati
893 916 987 982 simul
1003 918 1034 981 et
1049 917 1254 984 ibecnnditati
1274 922 1345 987 red·

140 1033 240 1111 datur,
263 1034 300 1096 ut
321 1031 426 1114 potius
448 1031 550 1096 virilia
572 1028 667 1095 iaciat
690 1047 783 1114 opera
805 1047 900 1112 quam
923 1026 998 1093 viris
1022 1028 1131 1093 mortis
1156 1031 1276 1095 occasio
1292 1031 1343 1098 sit.

237 1143 280 1208 Et
299 1142 376 1208 haec
398 1143 436 1207 de
457 1142 554 1208 trium
577 1142 836 1226 archangelorum
870 1139 1049 1207 nominibus
1073 1144 1104 1206 et
1128 1139 1239 1208 officiis
1263 1144 1346 1210 dieta

139 1255 211 1335 sint,
235 1257 389 1338 quatenus
413 1272 449 1318 ex
470 1252 519 1318 his
543 1253 729 1319 documenta
752 1271 913 1318 sumamus
938 1255 1011 1337 quid
1033 1255 1071 1320 de
1094 1254 1194 1321 tribus
1217 1256 1280 1321 illis
1297 1260 1345 1321 ter

139 1365 307 1432 subdivisis
341 1361 500 1430 ordinibus
534 1364 732 1429 sentiendum
766 1363 821 1443 sit,
854 1363 998 1430 uidelicet
1034 1367 1166 1449 qualiter
1200 1367 1344 1432 coelestis

139 1475 311 1542 hierarchia
333 1492 352 1540 a
374 1492 496 1540 summa
521 1473 660 1540 bonitate
682 1492 718 1538 ac
740 1473 905 1557 majestate
927 1494 982 1540 seu
1003 1477 1156 1559 potentia,
1177 1496 1196 1542 a
1219 1495 1344 1543 summa

18 1575 20 1588 ’
139 1591 206 1656 luce
229 1606 266 1654 ae
289 1589 452 1674 sapientia,
486 1605 656 1652 asumma
677 1587 813 1670 puritate
847 1603 883 1650 ac
907 1585 1073 1652 sanctitate
1105 1587 1241 1654 formata
1274 1589 1345 1654 des-

139 1700 259 1779 cendat,
293 1701 330 1764 ut
350 1698 404 1766 alii
425 1699 690 1784 contemplatione
724 1700 773 1765 vel
796 1697 974 1783 operatione
1012 1717 1153 1782 summae
1182 1702 1343 1786 puritatis,

140 1829 217 1896 qnae
239 1811 374 1896 Spiritus
398 1814 525 1878 sanctus
548 1814 606 1892 est,
638 1811 776 1894 perfecte
809 1813 935 1895 purgati
965 1811 1059 1876 etiam
1081 1814 1265 1896 purgatores
1288 1830 1345 1876 uo·

139 1923 229 1989 candi
250 1923 333 2000 sint,·
365 1923 419 1989 alii
440 1941 515 1988 uero
538 1921 803 2007 contemplatione
841 1924 890 1988 vel
911 1941 971 1988 usu
994 1940 1136 1988 summae
1158 1922 1346 2011 Sapientiae,

18 2055 19 2129 l
139 2053 217 2118 qnae
239 2032 379 2100 Verbum
402 2034 461 2102 Dei
475 2035 560 2100 Deus
584 2036 642 2114 est,
666 2052 788 2100 summe
809 2034 977 2100 illuminati
1000 2034 1095 2100 etiam
1116 2033 1344 2099 illuminatores

138 2146 353 2224 commentum
387 2145 441 2210 alii
474 2145 569 2210 etiam
591 2163 733 2211 summae
771 2145 946 2229 majestatis
969 2149 1001 2213 et
1021 2145 1171 2212 bonitatis
1204 2148 1344 2212 contem·

137 2256 274 2340 piatione
308 2259 339 2322 et
362 2257 542 2342 operatione
575 2275 695 2322 summe
729 2256 863 2324 humiles
897 2257 974 2324 facti
1008 2261 1039 2324 et
1074 2257 1235 2324 charitatis
1270 2257 1343 2340 igne

138 2369 246 2452 repleti
278 2385 341 2434 nen
375 2368 477 2434 solum
498 2365 628 2451 perlecti
662 2368 717 2432 sed
745 2371 778 2432 et
799 2367 990 2453 perfectores
1024 2367 1129 2435 uocari
1151 2367 1237 2451 digni
1260 2369 1342 2433 sunt.

576 2728 686 2800 Gap.
706 2726 913 2784 XXVIII.

18 2827 19 2844 ἶ
137 2855 314 2925 docleatem
335 2854 371 2921 in
393 2852 532 2940 angelis¹
545 2852 765 2921 hierarchiam
788 2870 807 2919 a
829 2851 927 2920 Patre
947 2852 1014 2921 Deo
1037 2852 1070 2919 ct
1084 2849 1192 2918 Verbo
1215 2851 1286 2938 ejus
1309 2851 1343 2919 et

138 2967 263 3056 Spiritu
285 2967 415 3050 sancto,
446 2965 701 3033 ecclesiasticam
731 2983 809 3032 vero
831 2964 1051 3033 hierarchiam
1074 2982 1094 3032 a
1116 2963 1238 3031 Christi
1259 2963 1342 3032 veri·

415 3113 421 3125 ,
504 3077 584 3162 tate,
607 3077 664 3144 via
685 3094 724 3144 ac
746 3076 816 3145 vita
837 3076 984 3145 formari.

235 3265 297 3334 Sed
320 3285 391 3334 cum
413 3266 446 3332 hi
467 3269 531 3333 tres
554 3267 664 3346 Pater,
700 3265 837 3334 Verbum
868 3267 900 3331 et
930 3264 1065 3350 Spiritus
1101 3282 1162 3329 una
1185 3263 1341 3347 maJestas,

138 3397 197 3446 una
220 3378 384 3465 sapientia,
418 3395 480 3444 una
502 3379 649 3444 sanctitas
672 3380 722 3444 vel
745 3378 866 3444 bonitas
891 3377 963 3459 sint,
999 3377 1074 3442 dum
1095 3377 1243 3460 quidquid
1266 3375 1341 3442 sub-

139 3491 282 3556 stantiale
305 3490 344 3555 de
364 3507 426 3555 uno
449 3489 563 3555 dicitur
585 3492 669 3554 recte
691 3490 729 3555 de
752 3489 895 3555 omnibus
916 3489 1047 3568 dicatur,
1072 3505 1166 3570 quare
1185 3485 1341 3570 theologia

140 3604 289 3687 quaedam
323 3601 541 3668 substantialia
576 3602 672 3681 Patri,
707 3601 859 3685 quaedam
892 3600 985 3680 Filio,
1021 3599 1173 3682 quaedam
1210 3597 1341 3682 Spiritui

140 3716 244 3780 sancto
279 3714 368 3799 quasi
400 3713 525 3797 propria
547 3715 681 3778 voluerit
700 3713 869 3798 assignare,
904 3714 980 3795 puto
1002 3711 1034 3774 in
1054 3710 1118 3773 vita
1141 3709 1297 3792 praesenti
1320 3729 1338 3774 a

138 3827 219 3892 nullo
242 3826 333 3911 plene
355 3843 447 3908 posse
469 3824 687 3909 comprehendi
709 3826 850 3908 quemvis
873 3828 974 3889 certas
997 3820 1125 3887 subesse
1147 3837 1259 3886 causas
1282 3821 1342 3885 du-

138 3935 229 4002 bitari
250 3955 314 4001 non
335 3937 448 4021 possit.
493 3936 581 4003 Sicut
603 3940 709 4002 autem
732 3956 750 4003 a
773 3955 896 4003 summa
926 3937 980 4000 iha
1002 3935 1167 4018 majestate
1190 3933 1342 4016 sapientia

138 4049 168 4112 et
188 4047 355 4112 sanctitate
377 4046 532 4130 tripartita
554 4048 697 4114 coelestis
719 4048 893 4114 hierarchia
915 4047 1049 4112 formam
1072 4046 1184 4112 sumit:
1224 4046 1269 4108 ita
1291 4063 1340 4109 ec·

139 4157 343 4224 clesiasticam
365 4160 397 4224 et
418 4161 575 4224 terrenam
604 4158 809 4224 hierarchiam
831 4177 849 4223 a
873 4158 996 4226 Christo
1027 4158 1077 4223 ria
1099 4162 1130 4222 et
1153 4157 1283 4221 ueritate
1304 4172 1341 4218 ac

140 4269 201 4336 vita
222 4270 358 4336 formam
389 4289 512 4337 sumere
543 4271 619 4336 satis
654 4289 750 4355 snpra
779 4271 1028 4336 demonstratum
1050 4273 1107 4335 est.
1153 4269 1193 4334 lit
1215 4265 1342 4332 ecclesi-

139 4381 234 4449 astica
269 4382 394 4467 quidem
427 4381 600 4450 hierarchia
630 4384 712 4449 sicut
733 4399 752 4446 a
775 4381 875 4448 tribus
899 4379 1002 4465 Magis
1036 4380 1217 4446 inchoatum
1239 4377 1287 4442 est
1308 4377 1341 4440 in

139 4492 281 4563 ecclesiae
304 4491 488 4576 rectoribus,
510 4493 543 4560 in
565 4489 805 4573 continentibus,
842 4493 973 4559 orationi
995 4488 1188 4570 vacantibus,
1211 4489 1245 4553 in
1267 4505 1340 4554 con-
