3168 5214
1276 407 1339 474 317

132 572 242 638 causis
267 589 436 655 earumque
452 570 613 639 effectibus
631 575 915 659 quantumcumque
930 574 1053 642 subtilis
1071 576 1154 644 facta
1169 579 1338 661 disputatio

130 685 186 750 vel
207 682 407 768 investigatio
438 683 503 748 sive
525 685 620 749 etiam
643 685 868 768 scripturarum
897 705 960 753 non
983 690 1084 753 solum
1109 690 1338 755 mundanarum
1409 676 1415 694 ⁸

130 795 193 860 sod
217 798 250 861 et
272 794 447 860 divinarum
478 794 655 860 intellectus
689 795 833 862 litteralis
868 801 899 863 01
931 799 1098 865 historicus
1136 801 1338 886 ipsommque

130 906 262 989 epicum
282 905 467 991 imaginaria
489 906 539 971 vel
560 925 615 989 per
637 926 746 973 sensns
768 905 853 974 facta
875 911 1026 990 collectio,
1057 915 1161 978 totum
1183 913 1243 979 hoc
1261 912 1337 978 mihi

71 1097 75 1103 Ι
130 1019 175 1084 ad
193 1018 332 1104 primum
361 1019 482 1084 coelum
503 1019 659 1103 pertinere
680 1020 812 1100 videtur,
849 1023 931 1105 quod
952 1020 1042 1086 bonis
1065 1040 1163 1106 aeque
1184 1024 1338 1108 malisque

130 1145 192 1194 suo
215 1129 349 1212 pondere
371 1146 535 1194 commune
557 1133 606 1195 001
627 1149 661 1196 00
682 1131 856 1215 agentibus,
880 1133 935 1198 sed
957 1131 1030 1198 boni
1051 1133 1129 1199 illud
1150 1136 1245 1218 atquc
1266 1154 1336 1220 per-

131 1237 210 1305 10011
231 1259 289 1325 per
310 1258 403 1306 usum
426 1241 528 1306 solum
560 1260 622 1307 non
644 1244 917 1326 perdilectionem
939 1250 970 1310 01
993 1245 1078 1310 10101
1111 1245 1265 1330 peregrini
1287 1246 1336 1309 in-

130 1349 288 1433 habitant,
321 1351 397 1417 mali
419 1369 492 1418 vero
516 1356 548 1419 et
568 1353 707 1420 infideles
740 1357 833 1438 atquc
854 1353 1031 1439 imperfecti
1052 1356 1084 1420 in
1107 1375 1142 1421 eo
1165 1356 1259 1422 ctiam
1281 1376 1337 1440 per

131 1462 333 1529 dilectionem
366 1465 598 1531 conversantur.
641 1463 692 1529 Ad
720 1465 890 1530 secundum
923 1483 994 1529 vero
1029 1465 1151 1531 coelum
1183 1466 1336 1549 pertinere

130 1572 268 1640 arbitror
300 1572 510 1659 spiritualium
543 1576 574 1639 et
596 1574 772 1640 divinorum
793 1574 1043 1660 intelligentiam,
1078 1577 1117 1641 ad
1155 1594 1247 1660 quam
1280 1595 1337 1660 per

130 1684 218 1750 istud
240 1683 362 1750 visibile
395 1686 515 1752 coelum
538 1686 586 1751 vel
608 1685 769 1768 magistris
803 1685 987 1752 docentibus
1009 1687 1059 1751 vel
1078 1687 1201 1769 proprio
1225 1684 1337 1751 suffra-

130 1799 226 1880 gante
247 1796 372 1880 ingenio
395 1800 451 1862 ant
472 1797 567 1862 etiam
588 1796 692 1862 divino
716 1796 829 1881 spiritu
852 1797 1002 1863 usualiter
1023 1797 1197 1862 instruente
1216 1799 1247 1861 01
1259 1816 1335 1881 pro·

129 1908 203 1992 pria
225 1907 357 1992 singulis
394 1909 474 1974 dona
496 1907 651 1974 dividente
673 1905 804 1991 quisque
827 1905 1032 1972 conscendere
1054 1906 1167 1990 potuit.
1211 1905 1252 1971 Et
1273 1905 1331 1970 hoc

126 2016 196 2100 jam
229 2019 349 2086 coelum
384 2019 526 2102 quamvis
559 2016 716 2082 nonnullis
749 2017 839 2082 malis
872 2035 929 2101 pro
952 2018 1040 2100 parte
1062 2013 1242 2082 accessibile
1275 2019 1333 2096 est,

132 2131 239 2195 10111011
273 2129 374 2213 magis
407 2129 531 2213 proprie
565 2128 775 2211 spiritualium
797 2130 828 2192 et
851 2131 1032 2193 sanctorum
1048 2127 1136 2193 locus
1159 2130 1191 2192 et
1211 2125 1335 2192 inhabi-

131 2239 208 2306 tatio
232 2243 289 2306 cst.
313 2240 425 2325 Inque
442 2239 682 2326 quidigneDeo
705 2241 738 2305 in
760 2240 937 2306 humilitate
959 2239 1088 2323 spiritns
1111 2241 1334 2305 conversantur

129 2350 192 2435 ipsi
223 2350 381 2416 interdum
404 2351 489 2418 01111
512 2368 603 2416 carne
639 2351 777 2417 viventes
800 2354 904 2418 mente
926 2351 1070 2416 excedere
1092 2349 1162 2416 Deo
1185 2352 1278 2431 atque
1300 2348 1333 2414 in

128 2459 259 2527 tertium
280 2461 358 2526 illud
380 2460 512 2540 coelum,
536 2463 618 2544 qnod
641 2462 717 2528 00110
738 2462 828 2529 bonis
850 2462 1025 2547 posthanc
1047 2461 1145 2527 vitam
1160 2460 1333 2544 repositum

130 2573 189 2653 ost,
224 2574 351 2656 tamque
380 2571 548 2656 improprie
580 2573 741 2658 proprium
774 2573 879 2638 locum
920 2592 1011 2639 suum
1033 2572 1101 2656 rapi
1122 2575 1153 2636 et
1173 2569 1332 2636 inusitatis

130 2681 317 2766 quibusdam
361 2681 537 2748 excessibus
574 2683 722 2750 divinitus
755 2684 909 2750 sublevari
942 2687 1101 2750 merentur
1137 2682 1239 2767 gratia
1271 2679 1330 2745 Dei

130 2795 238 2859 eadem
259 2795 292 2858 in
315 2795 359 2860 eis
382 2797 507 2860 etcum
542 2795 585 2860 010
619 2795 730 2860 merita
753 2799 910 2881 operante,
941 2799 978 2860 ut
998 2795 1062 2860 illio
1083 2795 1116 2859 in
1138 2791 1223 2859 brevi
1257 2809 1331 2857 cou-

129 2906 279 2971 summeti
290 2907 492 2991 postmodum
514 2907 655 2990 expleant
676 2909 819 2992 tempora
839 2907 939 2972 multa
954 2905 1083 2989 ciboque
1098 2905 1151 2970 illo
1169 2903 1331 2988 opimoti1)

130 3031 245 3100 agones
268 3016 407 3101 proferre
431 3018 598 3098 sufficiant,
633 3037 710 3103 quos
733 3020 777 3084 010
800 3037 855 3102 pro
878 3018 1002 3084 nomine
1023 3019 1083 3084 Dei
1105 3015 1210 3083 subire
1232 3018 1332 3084 conti·

129 3127 220 3212 gerit,
254 3146 375 3213 semper
396 3149 550 3196 memores
583 3131 666 3196 illius
701 3132 762 3197 diei
785 3151 844 3214 quo
868 3133 1022 3197 steterunt
1044 3131 1076 3196 in
1098 3132 1204 3196 monto
1227 3147 1332 3195 coram

129 3239 275 3308 Domino.
295 3239 448 3325 Qualibus
470 3240 571 3307 dicere
595 3237 758 3307 conveniat
776 3260 848 3307 cum
862 3241 1022 3326 apostolo:
1045 3242 1180 3305 nostra
1201 3242 1331 3306 autem

130 3351 388 3418 conversatio
421 3353 459 3418 in
481 3354 610 3420 000110
633 3356 704 3433 001,
726 3354 827 3419 unde
849 3354 971 3420 etiam
990 3353 1242 3418 salvatorem
1263 3371 1331 3416 ex·

129 3466 357 3545 spectamus
379 3465 589 3532 Dominum
610 3471 785 3531 nostrum
807 3465 944 3532 Jesum
966 3463 1214 3550 Christum.²)
1259 3462 1331 3530 Sive

129 3575 212 3640 enim
234 3595 268 3641 10
291 3579 322 3641 01
344 3595 403 3641 usu
420 3575 453 3642 in
476 3578 609 3643 secundo
643 3580 727 3644 coelo
762 3576 1011 3643 conversantium
1044 3576 1108 3642 sive
1138 3580 1241 3643 mente
1263 3576 1329 3642 Deo

129 3687 341 3754 excedentium
370 3691 402 3754 et
423 3689 462 3753 ad
485 3690 612 3754 tortium
636 3689 757 3755 coelum
776 3691 945 3772 raptorum,
968 3690 1173 3754 attractorum
1196 3684 1328 3750 000011-

127 3798 298 3864 missomm
329 3798 439 3882 utique
469 3801 663 3866 conversatio
687 3800 798 3866 talium
821 3799 954 3878 011010,
985 3802 1021 3865 11
1042 3798 1161 3864 dictum
1183 3798 1241 3875 est,
1265 3794 1329 3860 eive

128 3929 184 3994 spe
206 3909 239 3976 in
259 3910 353 3976 coelis
375 3911 513 3976 velutin
537 3930 593 3978 suo
615 3912 683 3978 loco
707 3915 765 3979 est.
808 3909 858 3976 De
881 3909 994 3995 quibus
1016 3910 1111 3976 coelis
1134 3911 1183 3977 101
1205 3910 1242 3974 de
1266 3926 1327 3991 quo

127 4020 220 4085 tertio
236 4021 331 4101 00010,
348 4019 509 4105 inquibus
520 4022 645 4106 justitia
660 4022 781 4088 habitet
798 4026 829 4088 et
844 4023 925 4088 unde
940 4021 1083 4088 Salvator
1099 4017 1329 4105 exspectatum)

126 4129 268 4198 abeatis
292 4135 323 4197 01
344 4133 450 4199 electis
483 4133 554 4218 quis
577 4134 669 4219 digne
689 4133 765 4218 quid
785 4133 951 4200 aestimare
983 4133 1033 4198 vel
1065 4132 1166 4198 dicere
1194 4131 1324 4197 valeat?

126 4239 210 4310 Nam
232 4243 261 4310 si
280 4246 440 4329 apostolus
462 4263 517 4313 vas
539 4245 709 4327 electionis,
745 4245 799 4330 qui
821 4245 861 4311 ad
882 4243 967 4310 illius
989 4243 1074 4311 101111
1108 4241 1186 4310 coeli
1207 4242 1327 4307 secreta

230 4483 249 4553 ¹)
268 4485 325 4541 cod.
345 4488 472 4554 optimati.
493 4515 526 4526 -
548 4484 568 4554 ²)
586 4485 655 4540 Phil.
676 4485 702 4539 3.
722 4483 766 4541 20.
788 4513 821 4524 -
844 4481 940 4553 8)0011.
960 4485 1101 4550 exspectat.
