3172 5202
1281 303 1344 372 119

144 473 229 540 omni
262 472 474 540 controversia
512 471 792 540 ecclesiasticorum
825 472 1030 558 judiciorum¹
1054 477 1147 558 atque
1184 493 1352 542 causarum

144 583 321 666 dubiarum,
355 603 463 652 earum
484 585 670 671 praesertim
700 602 779 669 quae
801 584 1035 651 universitatem
1058 587 1244 673 contingunt
1264 591 1296 653 et
1318 588 1352 653 in

145 694 256 780 quibus
279 695 318 762 de
339 696 494 764 catholica
516 697 647 763 veritate
665 697 714 762 rel
736 697 855 762 unitate
867 696 1069 781 disceptatur,
1089 699 1170 764 unde
1192 698 1237 763 ait
1258 699 1349 783 pater

144 805 352 890 Augustinus,
375 807 521 891 quoniam
544 807 675 892 quisque
697 807 868 874 catholicus
884 825 1013 874 securus
1028 809 1116 874 illam
1131 813 1252 894 partem
1267 810 1353 876 dete·

143 921 248 984 statnr
271 918 318 986 cui
340 919 526 986 catholicam
548 920 710 986 ecclesiam
732 918 911 1002 apostolicis
935 918 1061 985 sedibus
1084 920 1265 986 roboratam
1287 939 1350 986 non

142 1030 371 1098 communicare
392 1031 562 1116 cognoscit.
586 1031 665 1099 Onm
687 1031 792 1115 igitur,
816 1032 852 1094 nt
875 1029 994 1096 dictum
1017 1033 1077 1112 est,
1101 1031 1350 1116 apostolicarum

142 1142 276 1224 sedium,
310 1159 386 1227 quae
418 1145 492 1210 sunt
513 1140 718 1223 Antiocheno,
755 1142 788 1207 in
811 1161 873 1227 qua
893 1134 999 1228 primo
1021 1143 1103 1208 sedit
1126 1143 1239 1210 Petrus
1265 1144 1350 1228 Apo-

142 1256 256 1336 stolus,
281 1257 312 1320 et
329 1254 593 1340 jerosolymitana,
626 1254 677 1320 cui
707 1253 843 1338 praefuit
864 1253 1003 1322 Jacobus
1026 1255 1208 1339 Apostolus,
1243 1257 1350 1341 magni

139 1366 290 1453 ponderis
323 1366 363 1433 sit
385 1369 417 1433 et
438 1385 506 1432 esse
528 1363 640 1432 debeat
659 1365 693 1430 in
716 1365 940 1431 universalibus
971 1366 1118 1431 ecclesiae
1139 1366 1242 1433 causis
1260 1366 1346 1450 judi·

140 1477 227 1546 cium
245 1480 352 1543 tamen
371 1481 403 1543 et
423 1478 556 1544 abarum
577 1477 777 1546 ecclesiarum
800 1479 849 1544 rel
871 1478 1053 1564 praesulum
1071 1478 1225 1562 judicium
1247 1477 1347 1568 ajunt,

139 1590 196 1674 qui
218 1607 277 1674 pro
292 1591 379 1674 parta
394 1586 560 1656 Octaviani
575 1592 659 1669 sunt,
684 1587 738 1654 ubi
753 1589 917 1655 concordia
932 1589 1123 1673 suffragatur
1138 1588 1348 1672 plurimorum

141 1700 353 1786 spomendum
379 1720 442 1769 nou
471 1707 529 1784 est,
566 1701 620 1786 qui
642 1703 758 1786 quanto
780 1719 892 1766 causas
924 1701 1008 1785 ipsas
1029 1702 1067 1765 de
1088 1700 1230 1765 viciniori
1252 1718 1348 1766 nove·

140 1812 227 1892 runt,
250 1813 338 1879 tanto
361 1813 396 1880 de
418 1814 461 1880 eis
479 1813 633 1898 judicium
656 1815 785 1897 aequius
808 1813 889 1880 ferre
910 1816 1052 1896 possunt.
1075 1812 1115 1877 Iot
1137 1812 1214 1878 haec
1237 1812 1347 1879 dicunt

139 1941 199 2008 pro
222 1942 259 1989 eo
281 1924 331 1990 rel
351 1926 454 2009 potius
477 1928 586 1991 contra
608 1923 667 1990 boc
690 1924 773 2008 quod
795 1923 990 1989 Antiochena
1020 1927 1051 1990 et
1072 1923 1348 2007 hierosolymitana

140 2033 291 2101 ecclesiae
311 2034 412 2101 favere
434 2035 579 2102 dicuntur
593 2034 738 2122 partibus
750 2035 926 2116 Alexandri,
949 2053 1028 2120 quae
1048 2052 1168 2115 causas,
1191 2037 1227 2099 ut
1246 2032 1346 2117 ajunt,

139 2145 423 2231 utriusquepartis
444 2149 554 2232 utpote
576 2145 802 2212 transmarinae
823 2148 861 2211 de
882 2147 1051 2231 longinquo
1067 2164 1124 2230 per
1137 2143 1346 2210 internuntios

139 2257 172 2322 et
193 2255 316 2322 litteras
349 2262 499 2324 noverunt
531 2262 586 2324 aut
616 2258 698 2324 forte
731 2257 822 2324 unius
856 2258 959 2324 solum
991 2256 1091 2342 partis
1124 2254 1282 2320 maritima
1315 2260 1348 2321 et

139 2369 253 2454 portus
288 2369 420 2436 tenemis
451 2369 654 2455 allegationes
675 2388 732 2455 per
753 2369 874 2436 litteras
897 2370 1100 2454 agnoverunt,
1133 2365 1262 2432 alterim
1284 2365 1345 2429 mi·

138 2478 235 2547 nime.
258 2477 348 2546 Sicut
369 2498 426 2546 nos
447 2499 580 2567 quoque,
602 2481 756 2566 inquiunt,
780 2479 916 2546 Victoris
940 2482 1110 2557 eteorum,
1136 2478 1282 2561 quicum
1306 2496 1343 2544 eo

139 2595 226 2672 snut,
249 2590 449 2676 allegationes
471 2611 524 2659 ore
544 2594 585 2658 ad
607 2612 641 2659 os
664 2593 867 2678 cognovimus
896 2594 928 2657 et
951 2591 1039 2675 qnasi
1060 2588 1206 2654 manibus
1228 2587 1262 2653 in
1283 2587 1346 2654 Pa·

137 2703 243 2792 piensi
256 2705 281 2790 ¹)
314 2703 444 2770 concilio
474 2703 744 2790 pertractavimus,
778 2704 911 2769 aliorum
944 2720 1016 2768 vero
1050 2701 1254 2786 allegationes
1288 2719 1345 2785 per
1442 2771 1444 2778 ,

137 2818 263 2884 litteras
287 2818 421 2897 tantum,
456 2819 485 2882 et
519 2817 604 2902 ipsas
628 2817 696 2882 aliis
720 2816 863 2896 directas,
896 2814 1081 2900 agnovimus
1104 2831 1140 2878 eo
1164 2813 1247 2897 quod
1267 2811 1345 2877 inri-

137 2927 216 2994 tatis
239 2927 380 3010 utrisque
402 2925 541 3013 partious
563 2925 604 2992 ab
625 2926 826 3012 imperatoria
849 2925 1014 3010 majestate
1036 2926 1076 2991 ad
1099 2923 1265 2990 concilium
1286 2939 1344 3008 pa-

137 3039 257 3123 piense,
280 3041 401 3104 semoto
424 3038 508 3104 omni
529 3039 680 3104 saeculari
699 3038 828 3123 judicio,
852 3035 1069 3104 celebrandum
1084 3053 1155 3117 una,
1178 3033 1345 3100 Alexandri
1401 3099 1403 3103 ,

138 3150 293 3231 videlicet,
312 3168 384 3236 pars
407 3170 440 3217 se
462 3150 587 3216 concilio
610 3151 764 3217 subtraxit
785 3169 847 3215 non
870 3149 945 3234 quin
966 3147 1124 3214 sufficiens
1147 3147 1176 3212 ei
1191 3146 1343 3212 securitas

138 3261 285 3329 veniendi
307 3265 339 3329 ot
352 3259 519 3342 asserendi,
542 3279 620 3346 quae
635 3263 738 3341 vellet,
762 3262 834 3326 data
849 3263 887 3328 de
901 3262 991 3345 parte
1005 3257 1204 3344 imperatoris
1220 3256 1343 3332 fuisset,

138 3373 196 3440 sed
219 3372 292 3459 quia
313 3373 383 3453 sibi,
419 3375 455 3438 nt
476 3370 570 3455 ajunt,
605 3372 762 3440 sufficiens
785 3374 818 3437 in
840 3393 874 3439 se
896 3372 963 3438 visa
984 3375 1033 3436 est
1055 3375 1086 3436 et
1109 3387 1187 3455 quae
1210 3386 1282 3436 cum
1304 3367 1343 3433 de

138 3482 287 3552 omnibus
308 3483 438 3550 haberet
456 3483 593 3569 judicare
616 3484 737 3550 concilii
759 3485 870 3558 subire
886 3493 949 3550 non
971 3483 1096 3550 deberet
1114 3481 1278 3568 judicium.

241 3593 315 3661 Non
336 3595 382 3661 sic
404 3594 564 3676 Dominus,
586 3613 649 3661 non
672 3596 728 3662 ric.
765 3595 826 3679 Qui
849 3614 921 3662 oum
944 3596 982 3661 de
1004 3592 1230 3664 resurrectione
1253 3589 1344 3657 dubi·

138 3709 300 3773 taratara
323 3706 482 3791 discipulis
504 3708 585 3791 apud
607 3726 684 3791 quos
708 3707 803 3772 etiam
825 3707 919 3772 verba
941 3706 1108 3772 mulierum
1123 3703 1342 3770 resurrectioni

138 3815 208 3900 ejus
231 3815 448 3882 attestantium
477 3817 567 3902 qnasi
596 3818 800 3884 deliramenta
837 3818 903 3884 risa
926 3820 1009 3898 sunt,
1043 3834 1105 3882 non
1137 3816 1265 3900 inquam
1297 3814 1343 3880 sic

137 3927 295 3994 Dominus
318 3928 541 4013 discipulorum
577 3931 738 3996 conventui
759 3930 792 3995 in
813 3929 996 3996 infidelitate
1014 3929 1172 4014 prostrato
1195 3908 1343 4012 praeseu-

138 4039 219 4105 tiam
251 4055 342 4104 suam
374 4036 521 4104 subduxit
553 4041 604 4106 sel
636 4043 723 4106 stans
743 4041 775 4106 in
805 4041 907 4106 medio
930 4058 1038 4106 eorum
1071 4037 1215 4105 omnibus
1238 4037 1283 4102 eis
1307 4054 1341 4103 se

137 4147 245 4233 ipsum
277 4166 339 4214 non
368 4151 471 4215 solum
503 4149 665 4219 videndum
698 4151 752 4217 sed
775 4153 806 4216 et
827 4151 1019 4235 palpandum
1053 4147 1192 4215 exhibuit
1217 4147 1339 4214 dicens:

244 4383 265 4457 ¹)
285 4387 341 4443 cod.
361 4390 519 4456 papapieusi.
