3158 5212
1308 413 1350 476 33

249 581 395 648 Altitudo
431 601 505 650 sene
528 581 616 652 CXX
648 581 826 649 cubitorum
858 584 897 648 ad
919 600 1078 649 summum
1111 583 1220 666 templi
1251 601 1350 666 usque

150 691 353 774 pinnaeulum
385 694 563 779 pertingens
596 712 737 760 summae
769 693 891 759 numeri
923 693 1090 758 electorum
1122 691 1199 758 mihi
1228 691 1350 757 ridetur

151 821 332 888 congruere,
365 804 398 870 in
430 824 507 889 quos
528 804 561 868 in
583 805 673 871 initio
696 805 853 890 surgentis
876 804 1032 884 ecclesiae,
1066 804 1131 869 veri
1152 802 1271 868 seilicet
1292 802 1351 868 Dei

149 914 270 997 templi,
309 916 410 999 gratia
433 913 570 999 Spiritus
592 913 693 982 sancti
716 915 815 981 effusa
837 917 895 980 est.
917 913 1014 978 Erat
1037 913 1158 993 enim,
1193 915 1229 977 ut
1250 911 1350 978 Lucas

148 1025 203 1105 ait,
227 1025 346 1091 turba
368 1027 568 1093 hominum
591 1026 708 1093 simul
730 1026 814 1093 fere
836 1027 996 1093 eentum
1018 1022 1206 1110 riguntis)
1250 1021 1351 1104 Quare

149 1139 256 1202 autem
290 1139 339 1202 vel
371 1137 403 1202 in
436 1138 544 1222 templi
577 1137 748 1204 manufacti
777 1140 912 1205 Domino
946 1135 1166 1201 sanctificanda
1188 1136 1352 1202 altitudine

148 1248 197 1312 vel
219 1247 252 1312 in
275 1249 444 1313 electorum
466 1266 590 1313 summa
612 1248 745 1332 Spiritus
769 1248 875 1315 Sancti
895 1249 1030 1316 adventu
1051 1246 1259 1315 consecranda
1282 1247 1349 1312 Deo

148 1357 200 1424 hie
221 1377 371 1424 numerus
394 1359 618 1443 complacuerit
638 1360 858 1444 requirendum
870 1361 1023 1440 existimo,
1046 1378 1109 1425 non
1131 1359 1214 1424 euim
1236 1375 1349 1442 magno

149 1485 259 1534 racare
282 1470 466 1536 crediderim
487 1470 653 1554 mysterio,
676 1471 759 1554 quod
780 1471 913 1537 iteratur
935 1473 967 1537 iu
989 1471 1083 1537 laeto.

248 1580 373 1646 Etenim
405 1581 510 1665 ipsum
544 1582 581 1646 de
605 1600 664 1665 quo
685 1582 844 1667 loquimur
877 1585 1029 1668 templum
1062 1580 1277 1647 manufactum
1314 1579 1347 1645 in

148 1692 279 1757 eandem
301 1694 426 1757 centum
447 1690 561 1774 viginti
594 1691 769 1759 cubitorum
802 1696 999 1761 altitudinem
1020 1713 1082 1761 non
1104 1693 1171 1758 sine
1192 1692 1251 1757 Dei
1269 1689 1348 1758 nutu

148 1804 223 1869 licet
255 1823 312 1890 per
349 1803 511 1869 funestum
543 1804 710 1885 Herodem,
747 1808 783 1871 ut
813 1808 1030 1890 praediximur,
1063 1803 1267 1872 reformatum
1299 1807 1348 1870 est

148 1918 316 1999 antequam
337 1915 490 1980 Dominus
521 1915 554 1980 in
587 1915 655 1998 ipso
678 1935 750 1981 oum
772 1914 927 1980 oblatione
959 1913 1179 1999 aparentibus
1202 1933 1347 1998 praesen·

146 2027 277 2105 teretur,
313 2043 389 2109 quae
410 2027 546 2092 maxima
566 2029 632 2092 erat
654 2028 792 2112 ejusdem
825 2025 934 2109 templi
956 2024 1160 2091 sanctificatio
1184 2028 1215 2090 et
1236 2024 1346 2110 gloria,

146 2137 227 2200 uude
251 2140 282 2201 et
296 2155 351 2219 per
366 2137 555 2220 Prophetam
571 2139 764 2221 praedictum
780 2140 837 2217 est,
861 2136 934 2220 quia
955 2135 1084 2220 major
1106 2136 1188 2201 erit
1209 2137 1344 2221 gloria

149 2247 288 2312 domus
311 2248 423 2331 hujus
444 2249 687 2315 novissimae
710 2250 796 2335 plus
821 2265 936 2331 quam
957 2245 1146 2332 primaru)
1169 2247 1251 2312 siout
1272 2247 1348 2313 eleo·

147 2361 252 2422 torum
276 2376 398 2442 quoque
420 2378 544 2425 summa
563 2379 626 2425 non
647 2362 720 2424 ante
751 2357 868 2443 Spiritu
891 2360 997 2422 saneto
1020 2359 1201 2425 consecrata
1223 2357 1289 2422 Deo
1310 2355 1342 2421 in

147 2470 303 2552 templum
325 2471 381 2550 est,
406 2488 499 2554 quam
521 2472 560 2537 ad
582 2488 747 2535 numerum
768 2470 956 2535 hunoaDeo
978 2467 1179 2554 praefinitum
1193 2467 1342 2551 peruenit.

144 2577 250 2664 Igitur
282 2599 337 2663 pro
354 2584 478 2647 'nostra
500 2581 714 2647 mediocritate
746 2581 839 2664 huJ'us
873 2580 987 2646 sacrati
1009 2598 1045 2646 ao
1066 2581 1133 2646 Deo
1168 2577 1345 2661 complaciti
1431 2573 1433 2578 ’

144 2691 267 2756 numeri
290 2694 466 2758 scrutemur
488 2696 726 2759 sacramentum.

644 3079 752 3149 Gap.
771 3080 847 3138 x1.

449 3213 451 3216 ’
531 3202 659 3291 Septem
686 3204 720 3271 et
742 3204 813 3273 octo
835 3203 956 3292 partes.

244 3384 397 3452 Omnibus
435 3405 540 3454 sacrae
578 3391 748 3475 scripturae
792 3389 940 3456 studiosis
971 3389 1139 3474 cognitum,
1178 3406 1343 3455 numerum

142 3496 377 3579 quindecim
407 3501 534 3581 propter
556 3501 633 3565 duas
654 3504 759 3584 partes
781 3501 878 3584 ipsius
901 3497 1178 3567 commendabilem
1201 3502 1340 3580 existere,

142 3624 221 3690 quae
244 3611 317 3672 suut
343 3610 464 3690 septem
485 3613 517 3674 et
539 3614 619 3677 octo.
663 3609 747 3676 Nam
769 3612 890 3677 dicente
913 3609 1093 3676 Salomone:
1126 3612 1173 3678 da
1201 3616 1338 3697 partes

141 3720 294 3801 septem
317 3735 386 3783 nec
408 3734 483 3782 non
499 3723 537 3786 et
552 3726 640 3789 octo
656 3720 680 3809 ³)
704 3723 940 3808 septempartes
959 3722 1068 3787 damus
1082 3722 1156 3789 dum
1168 3724 1339 3791 secundum

139 3827 241 3912 legem
257 3829 397 3894 mandati
414 3831 525 3897 ueteris
541 3833 744 3917 spiritualiter
765 3831 1014 3900 sabbathizantes
1037 3851 1055 3899 a
1076 3835 1160 3902 vitiis
1178 3835 1341 3912 feriamus;

140 3941 209 4003 octo
232 3956 306 4006 vero
328 3943 433 4023 partes
456 3944 581 4025 damus,
605 3947 679 4011 dum
700 3944 869 4012 secundum
892 3962 989 4010 novae
1009 3945 1088 4030 legis
1108 3947 1258 4013 lationem
1280 3964 1337 4011 nos

136 4067 191 4131 per
216 4052 286 4116 octo
310 4051 462 4118 virtutum
499 4055 614 4139 gradus
649 4065 823 4123 exercentes
860 4056 899 4121 ad
922 4049 1112 4124 octonariam
1135 4056 1337 4125 beatitudinis

238 4316 257 4384 ¹)
278 4323 327 4371 aot.
349 4317 373 4372 1.
395 4315 438 4372 15.

238 4411 259 4482 ²)
278 4413 345 4482 ngg.
365 4417 393 4471 2.
413 4415 457 4469 10.

236 4511 258 4581 ³)
276 4513 364 4569 Eoole.
384 4514 427 4572 11.
446 4513 474 4568 2.
