3168 5214
1307 363 1370 431 357

157 535 197 599 de
219 535 415 618 processione
448 532 587 621 Spiritus
619 535 728 613 saneti,
753 537 807 601 sed
843 537 1039 602 solummodo
1074 538 1222 602 aduersus
1259 537 1372 604 Arium

158 645 495 732 consubstantialitatis
517 647 589 713 Filii
612 659 684 712 cum
707 647 801 712 Putre
823 647 994 712 affirmatio
1018 669 1074 733 per
1095 649 1254 714 Romanos
1285 649 1369 714 Pon·

158 757 259 823 tifices
282 759 439 824 euidenter
462 761 640 844 suppletum
663 763 721 840 est,
741 757 862 844 Spiritu
886 764 993 826 sancto
1017 763 1129 843 agente
1160 765 1191 826 et
1223 763 1370 844 loquente

158 888 216 951 per
237 886 301 948 eos,
325 871 419 951 prout
440 869 548 949 uoluit,
572 869 624 952 qui
647 870 742 935 etiam
764 869 821 935 tibi
843 871 876 936 id
900 871 982 954 quod
1004 870 1094 936 aliter
1118 873 1200 954 sapis
1233 874 1368 940 revelare

694 981 848 1064 dignetur.

259 1674 394 1757 Jamque
417 1673 467 1739 hic
501 1674 578 1738 mihi
611 1672 805 1757 disceptandi
839 1677 942 1738 tecum
975 1672 1070 1737 simul
1104 1674 1136 1736 et
1169 1671 1243 1738 libri
1274 1673 1368 1757 hujus

158 1786 229 1850 linis
253 1786 305 1864 sil,
329 1785 383 1869 qui
405 1785 443 1850 de
477 1784 610 1869 propriis
648 1784 765 1852 Christi
801 1786 928 1867 coeptus
963 1782 1140 1866 eisdemque
1174 1783 1367 1868 exquirendis

157 1900 267 1962 centra
288 1895 508 1962 antichristum
529 1895 667 1961 intentus
689 1899 814 1980 praeter
829 1894 1035 1960 intentionem
1055 1911 1159 1962 meam
1181 1894 1214 1960 iu
1232 1895 1364 1982 loufflu‘n

158 2009 331 2090 protelatus
354 2009 413 2072 est.
457 2005 541 2072 Nam
563 2007 639 2072 dum
661 2025 837 2074 sermonem
859 2006 1045 2072 indirectum
1071 2007 1230 2072 tenderem
1264 2008 1365 2073 uestri

156 2119 307 2205 temporis
330 2119 472 2185 haereses
494 2118 670 2202 pariterque
689 2118 830 2183 homiues
854 2117 970 2185 Christi
1004 2120 1138 2183 mortem
1171 2116 1363 2202 superfluam

159 2233 293 2317 quadam
315 2230 523 2314 falsapietate
545 2229 733 2296 arbitrantes
758 2230 884 2314 quidam
907 2229 1003 2294 etiam
1025 2248 1119 2315 super
1139 2229 1199 2295 hoo
1217 2228 1286 2312 ipso
1301 2247 1364 2295 uon

158 2343 261 2409 solum
272 2345 420 2420 errantes,
433 2343 487 2407 sed
508 2342 586 2408 alios
608 2341 641 2406 iu
664 2361 800 2407 errorem
823 2342 995 2422 mittentes,
1021 2341 1110 2425 quasi
1131 2340 1251 2407 hestiae
1269 2358 1365 2426 quae·

157 2455 231 2518 dam
242 2454 432 2520 occursando
445 2471 551 2519 morae
573 2453 650 2517 mihi
673 2471 766 2519 causa
789 2455 966 2533 extiterunt,
979 2451 1093 2536 quihus
1122 2452 1198 2517 dum
1231 2449 1363 2537 singulis

157 2584 214 2648 pro
236 2584 329 2650 posse
351 2585 420 2632 meo
443 2566 615 2650 scripturae
637 2582 744 2631 sacrae
766 2566 861 2630 armis
885 2583 922 2630 ac
944 2563 1015 2630 telis
1039 2561 1164 2628 obviare
1185 2565 1217 2628 ot
1239 2579 1365 2628 concor·

157 2679 224 2739 tare
246 2674 397 2755 connitor,
410 2674 531 2740 tardius
555 2693 649 2758 quam
671 2674 755 2739 uolui
779 2677 924 2758 coeptum
945 2673 1006 2740 iter
1028 2674 1119 2757 quasi
1140 2674 1242 2741 lassus
1263 2674 1365 2739 viator

158 2786 285 2871 expleri.
331 2786 417 2853 Unde
439 2786 622 2869 pausatione
643 2785 720 2850 mihi
743 2784 865 2850 modica
887 2785 974 2850 velut
996 2785 1029 2851 in
1050 2784 1155 2851 medio
1189 2784 1363 2852 bestiarum

159 2903 359 2983 praesumpta
381 2899 501 2982 reliqua
523 2899 561 2963 de
582 2897 760 2963 antichristi
783 2895 922 2962 latibulis
946 2914 982 2964 ac
1003 2895 1364 2982 propriisinrestiganda

359 3010 437 3075 duce
459 3011 568 3075 sancto
592 3007 710 3094 Spiritu
731 3023 812 3075 novo
836 3011 999 3074 sumentur
1029 3006 1162 3074 exordio.
