3168 5190
236 358 299 424 290

239 528 357 614 „major
379 532 436 608 est,
460 528 652 613 glorificatus
675 527 707 592 in
730 529 824 594 Patre
846 529 943 594 Filius
965 529 1067 594 minor
1089 548 1151 595 non
1174 533 1232 595 est.
1271 529 1338 595 Aut
1361 548 1444 613 quo·
1568 539 1569 552 ¹

240 641 349 718 „modo
384 641 485 705 minor
507 643 565 722 est,
600 641 708 724 quiin
729 641 829 724 gloria
863 642 923 706 Dei
956 643 1060 707 Patris
1082 645 1152 707 est?
1197 643 1264 709 Aut
1285 641 1444 726 numquid

240 753 352 830 „Pater
374 752 474 837 major
496 771 559 818 non
581 755 653 819 est?
698 751 801 836 Major
823 753 932 836 utique
957 753 1052 818 Pater
1085 757 1134 817 est
1166 754 1242 818 dum
1264 754 1358 818 Pater
1380 756 1443 832 est,

241 864 314 942 „sed
336 862 438 929 Filius
461 865 536 929 dum
559 863 659 929 Filius
684 866 741 944 est,
765 864 867 928 minor
881 883 944 929 non
960 866 1017 929 est.
1041 864 1199 931 Nativitas
1223 865 1297 930 Filii
1312 864 1446 929 Patrem

240 975 424 1054 „const'tuit
445 975 611 1060 majorem,
633 976 786 1040 minorem
809 994 881 1041 vero
904 977 1019 1041 Filium
1042 996 1110 1042 esse
1132 976 1306 1042 nativitatis
1330 977 1446 1039 natura

242 1103 322 1164 „non
343 1087 472 1171 patitur.
517 1085 621 1170 Major
643 1087 738 1151 Pater
771 1088 819 1152 est
852 1087 928 1152 dum
960 1088 1094 1172 gloriam
1125 1090 1288 1172 assumpto
1322 1084 1446 1150 homini

242 1199 388 1280 „rogatur
409 1200 446 1262 ut
466 1198 585 1278 reddet,
618 1197 715 1262 Filius
748 1197 849 1262 minor
871 1216 933 1263 uon
956 1200 1004 1263 est
1035 1199 1109 1263 dum
1143 1197 1276 1282 gloriam
1310 1195 1445 1260 resumit

243 1307 345 1391 „apud
367 1307 504 1374 Patrem.
550 1308 657 1392 Atque
678 1308 722 1372 ita
746 1311 777 1373 et
800 1311 1031 1374 sacramentum
1066 1307 1241 1373 nativitatis
1264 1310 1296 1372 ct
1317 1307 1446 1390 dispen·
1570 1293 1571 1308 ¹

244 1418 341 1493 „sotio
379 1419 602 1503 corporationis
625 1419 796 1503 impletur?
839 1419 923 1485 Nam
946 1422 978 1485 et
1000 1419 1095 1485 Pater
1127 1421 1202 1484 dum
1224 1419 1319 1484 Pater
1340 1421 1389 1485 est
1413 1421 1447 1482 et

244 1529 417 1613 „glorificat
449 1531 531 1597 hunc
564 1531 664 1596 filium
694 1530 829 1596 hominis
863 1530 964 1614 major
983 1534 1041 1601 est.
1086 1531 1125 1595 Et
1148 1530 1242 1595 Pater
1275 1533 1307 1594 et
1340 1527 1446 1592 Filius

244 1661 359 1720 „unum
383 1645 464 1722 sunt,
487 1644 563 1708 dum
578 1661 614 1707 ex
629 1643 723 1708 Patre
744 1646 837 1707 natus
861 1642 959 1708 Filius
982 1662 1037 1726 per
1059 1643 1305 1726 assumptionem
1329 1638 1449 1705 terreni

245 1755 399 1838 „corporis
422 1754 616 1839 glorificatur
636 1755 669 1819 in
691 1753 817 1819 Patre.“

712 2142 822 2209 cap.
841 2141 978 2200 XLV.

557 2263 795 2333 commendatio
818 2265 978 2334 dictorum
999 2264 1130 2332 Hilarii.

344 2452 426 2535 Quid
447 2449 613 2516 sublimius
644 2450 684 2516 ab
716 2450 841 2517 homine
864 2453 902 2518 da
923 2453 1077 2518 humanae
1110 2455 1239 2517 naturae
1261 2451 1293 2516 in
1318 2450 1444 2518 Christo

246 2561 465 2632 sublimatione
498 2562 606 2630 sentiri
644 2563 693 2628 vel
716 2563 776 2628 dici
798 2563 924 2647 potuit?
968 2563 1049 2646 Quid
1071 2563 1173 2647 magis
1197 2562 1391 2647 evangelicae
1415 2565 1447 2626 et

245 2676 416 2743 catholicae
448 2673 573 2738 veritati
603 2691 782 2752 consonum,
821 2693 856 2738 eo
891 2676 975 2758 quod
1007 2675 1058 2740 hic
1080 2675 1176 2740 Pater
1199 2673 1369 2739 catholicus
1394 2690 1447 2737 ore

246 2787 383 2873 gratioso
406 2787 438 2849 et
458 2783 566 2867 lingua
598 2783 738 2866 angelica
771 2787 879 2849 contra
902 2785 1090 2850 haereticam
1112 2785 1298 2869 pravitatem
1320 2785 1353 2849 in
1374 2783 1448 2848 fidei

246 2902 371 2966 nostrae
388 2895 598 2962 defensionem
620 2897 791 2962 disseruit?
835 2897 989 2978 Quicum
1011 2899 1099 2962 tanta
1130 2899 1256 2980 tamque
1286 2894 1447 2978 splendida

248 3009 477 3077 exabundanti
499 3009 537 3074 da
558 3009 693 3075 hominis
717 3010 895 3092 divinitate,
920 3010 957 3073 de
979 3008 1080 3074 carnis
1101 3008 1133 3072 in
1156 3008 1293 3072 divinam
1315 3007 1448 3091 gloriam

247 3122 444 3206 provectione
467 3121 607 3185 elocutus
631 3121 688 3200 sit3
712 3121 825 3186 etenim
849 3123 956 3185 contra
979 3120 1112 3183 Animos
1135 3119 1163 3184 ai
1186 3118 1329 3201 specialis
1353 3135 1448 3182 causa

249 3231 403 3298 scribendi
418 3231 519 3296 extitit
534 3230 629 3296 Verbi
646 3250 766 3315 quoque
782 3231 936 3296 divinitati
952 3230 1157 3310 detrahentes,
1175 3233 1306 3313 quantas
1322 3249 1404 3295 nunc
1421 3231 1448 3295 si

248 3344 349 3410 adhuc
360 3341 505 3424 viveret¹)
521 3343 553 3406 in
569 3360 659 3408 carne
675 3345 820 3425 putamus
836 3343 1065 3407 coruscationes
1082 3340 1209 3424 spiritus
1225 3341 1257 3405 lu
1270 3361 1305 3407 eo
1318 3343 1448 3424 loquens

249 3455 424 3539 fulguraret
457 3454 495 3518 ad
518 3454 732 3537 dissipandum
754 3469 817 3532 eos,
853 3452 904 3536 qui
937 3472 1019 3517 nunc
1047 3451 1173 3534 judaico
1197 3471 1290 3516 sensu
1315 3451 1447 3529 subacti,

251 3566 396 3651 quonism
419 3564 513 3630 Verbi
535 3564 690 3630 divinitati
711 3583 773 3630 non
795 3564 920 3647 audent,
943 3563 1097 3629 humanae
1118 3564 1150 3628 in
1174 3563 1297 3630 Christo
1320 3567 1451 3630 naturae

250 3675 449 3743 teneritudini
481 3675 592 3759 impias
626 3694 737 3741 manus
770 3675 919 3754 inserunt,
954 3676 1102 3740 nimirum
1135 3675 1174 3739 ad
1204 3675 1450 3742 subveniendum

251 3789 316 3854 viro
339 3807 395 3855 suo
418 3784 540 3853 diabolo
575 3789 682 3852 contra
705 3787 866 3852 fortiorem
889 3786 1057 3853 Christum.
1104 3785 1162 3852 Sed
1187 3788 1260 3870 quid
1283 3787 1384 3852 sancit
1403 3786 1451 3851 lex

252 3897 355 3964 divina
377 3897 415 3961 de
437 3897 566 3963 muliere
599 3895 751 3980 ejusmodi
788 3897 937 3962 infrunita
961 3897 1091 3962 verenda
1113 3897 1171 3963 viri
1193 3897 1332 3963 fortioris
1355 3915 1450 3962 manu

253 4008 412 4092 impudica
435 4008 628 4091 stringente?
660 4007 878 4087 Abscides‚
901 4008 955 4087 eit,
979 4026 1136 4073 manum
1159 4006 1244 4093 ejus
1266 4028 1333 4076 nec
1354 4009 1453 4075 flec-

253 4118 351 4184 teris
374 4137 492 4203 super
515 4135 554 4183 ea
577 4118 658 4183 ulla
682 4117 1009 4204 misericordiae)
1032 4117 1082 4184 Sic
1106 4119 1188 4185 enim
1209 4123 1241 4185 et
1262 4138 1374 4186 manus
1397 4139 1452 4204 sy-

252 4249 402 4316 nagogae,
436 4234 578 4315 potestus
611 4232 753 4299 videlicet
775 4231 806 4297 in
829 4231 1021 4300 Christianos
1056 4232 1219 4314 saeviendi,
1242 4230 1382 4300 abscissa
1403 4233 1453 4296 est

359 4446 377 4517 ¹)
396 4447 452 4502 cod.
472 4447 613 4500 adviveret.
635 4475 665 4485 -
689 4445 710 4515 ²)
727 4447 803 4501 Dent.
825 4445 869 4502 25.
891 4445 935 4501 12.
