3168 5190
242 403 306 472 250

238 579 307 660 ipso
329 575 481 662 superbus
503 595 601 644 uanus
624 581 656 644 et
676 579 856 644 immundus
880 581 983 646 totum
1003 598 1083 663 pene
1102 581 1255 648 muudum
1278 582 1439 666 concupis-

241 689 342 756 centia
365 691 477 772 carnis,
513 691 765 776 concupiscentia
786 691 947 758 oculorum
970 695 1002 759 ot
1024 692 1169 778 superbia
1191 694 1273 766 vitae
1294 693 1443 777 possedit.

707 929 818 996 cap.
836 929 977 984 XXX.

434 1050 512 1118 Tria
529 1051 657 1139 judicia
678 1070 699 1119 a
720 1053 835 1146 sancta
857 1052 1019 1121 Trinitate
1042 1053 1078 1120 in
1100 1053 1256 1122 hominos.

341 1209 464 1277 Imitati
486 1231 621 1296 namque
644 1216 717 1278 sunt
739 1233 811 1280 eum
833 1214 985 1295 homines,
1009 1215 1064 1299 qui
1086 1218 1174 1280 erant
1197 1234 1233 1280 ex
1255 1217 1344 1299 parte
1358 1214 1443 1280 illius
1576 1265 1577 1276 ,

239 1321 325 1400 adso,
348 1325 385 1385 ut
406 1321 670 1405 quemadmodum
701 1324 768 1408 ipse
792 1325 935 1391 diabolus
960 1343 979 1390 a
1002 1329 1110 1391 sancta
1143 1326 1296 1392 Trinitate
1318 1327 1447 1410 propter

240 1435 362 1496 reatum
383 1431 541 1518 triplicem
562 1433 699 1501 triformi
728 1437 847 1520 Judicio
870 1455 906 1502 ac
929 1437 1084 1503 sententia
1106 1438 1259 1504 multatus
1282 1440 1341 1516 est,
1365 1436 1447 1502 sicut

238 1542 375 1610 breviter
396 1543 594 1628 digessimus,
617 1545 662 1610 ita
684 1549 812 1630 propter
829 1545 987 1630 triplicem
1002 1545 1147 1612 videlicet
1162 1543 1335 1630 superbiae,
1359 1542 1448 1608 veni·

239 1654 314 1720 tatis
337 1657 368 1720 ot
389 1654 607 1722 immunditiae
640 1659 762 1722 reatum
797 1656 950 1722 triformis
974 1675 1095 1740 quoque
1116 1657 1149 1721 in
1170 1655 1313 1724 homines
1336 1673 1355 1720 a
1376 1655 1445 1720 Deo

240 1765 376 1830 vindicta
397 1767 595 1850 processerit.
629 1767 751 1832 Harum
773 1767 876 1852 prima
899 1770 966 1833 erat
991 1767 1143 1834 diluvium
1166 1767 1299 1831 maxime
1319 1759 1449 1852 propter

241 1876 404 1963 superbiae
430 1878 462 1942 et
484 1876 678 1942 crudelitatis
711 1879 874 1959 peceatum
907 1878 1023 1942 mundo
1057 1875 1229 1962 impiorum
1262 1877 1447 1955 inductum3

240 1989 375 2056 secunda
390 1988 501 2054 divisio
515 1987 703 2072 linguarum,
727 2004 790 2071 qua
811 1987 933 2052 vanitas
956 1987 1070 2052 turrim
1093 1987 1256 2054 aedificare
1272 1987 1449 2054 volentium

239 2099 350 2186 punita
373 2103 430 2176 est,
465 2097 554 2182 cujus
589 2099 711 2164 culmen
734 2118 834 2183 usque
855 2100 894 2164 ad
917 2101 1039 2165 eoelum
1062 2101 1232 2184 perducere
1247 2096 1448 2184 rogitabant.

240 2210 346 2276 Tertia
367 2209 503 2274 uindicta
523 2210 556 2274 in
578 2207 757 2275 Sodomitae
790 2210 952 2294 processit,
988 2211 1042 2294 qui
1076 2229 1149 2276 cum
1171 2209 1314 2275 finitimis
1337 2207 1450 2274 civita·

240 2319 325 2384 tibus
359 2319 491 2385 marimo
525 2321 655 2406 propter
675 2319 795 2404 flagitia
816 2319 918 2385 carnis
941 2337 960 2385 a
983 2320 1119 2385 Domino
1149 2321 1221 2404 igne
1243 2323 1273 2385 et
1297 2318 1448 2403 sulphure

240 2431 333 2498 deleti
356 2433 439 2498 sunt.
473 2426 514 2496 lit
536 2434 619 2497 recte
642 2433 856 2515 atqueaeque
879 2431 1014 2514 pondere
1037 2432 1173 2499 uindicta
1195 2433 1272 2497 haec
1293 2429 1449 2496 triformis

240 2543 388 2608 asancta
410 2540 617 2609 Trinitatem
639 2546 819 2628 peccatores
841 2542 956 2609 librata
979 2546 1036 2610 est.
1069 2543 1154 2610 Nam
1178 2545 1250 2629 quia
1271 2545 1345 2608 aute
1366 2541 1450 2606 dilu-

241 2652 326 2719 vium
347 2654 490 2739 gigantes
513 2658 601 2721 erant
635 2674 729 2741 super
751 2657 868 2720 terram
890 2653 1031 2719 homines
1065 2653 1150 2720 sicut
1170 2671 1300 2740 corpore
1321 2655 1450 2738 porten-

242 2765 320 2830 tuali
342 2765 388 2831 ita
409 2768 440 2831 et
462 2765 566 2834 animo
587 2765 754 2832 enormiter
775 2765 850 2831 elati
872 2764 1054 2831 crudelitate
1068 2764 1277 2831 humanorum
1292 2765 1451 2829 viscerum

241 2894 475 2957 commessores,
488 2879 673 2961 potentes
689 2894 708 2940 a
724 2878 886 2942 saeculo
904 2873 1012 2961 uiri1)
1024 2873 1139 2942 famosi
1152 2880 1316 2963 propterea
1331 2874 1449 2940 diluvio

240 2986 409 3052 inundante
428 2988 596 3071 perierunt,
610 2991 762 3072 quatenus
784 3006 840 3072 per
861 2987 1014 3055 elationes
1039 2988 1193 3055 ductuum
1213 2990 1321 3052 contra
1344 3005 1379 3052 ee
1399 2985 1450 3050 in-

241 3100 402 3182 surgentes
425 3098 580 3164 discerent
613 3099 718 3183 quales
751 3099 811 3183 ipsi
834 3102 942 3165 contra
966 3101 1069 3167 Deum
1091 3104 1123 3166 et
1144 3099 1303 3187 proximos
1326 3096 1451 3163 extitis-

240 3212 319 3275 sent.
343 3209 385 3274 Et
406 3209 439 3274 hi
462 3211 587 3295 quidem
619 3211 713 3295 primi
734 3215 950 3296 persecutores
967 3211 1129 3297 justorum
1154 3230 1191 3276 ac
1212 3211 1318 3297 potius
1340 3227 1451 3295 perse-

241 3328 385 3392 cutorum
418 3319 609 3408 praeambuli
629 3321 766 3400 fuerunt,
806 3341 881 3388 nam
904 3323 1075 3390 eteorum
1105 3323 1207 3408 primo
1240 3339 1290 3412 ac·
1309 3319 1450 3404 principe

240 3433 316 3504 Gaio
335 3435 441 3520 justus
465 3431 547 3498 Abel
567 3432 600 3497 in
623 3435 734 3520 typum
756 3433 912 3519 passionis
929 3435 1045 3502 christi
1068 3433 1187 3500 occisus
1211 3436 1269 3502 est.
1293 3432 1353 3514 Qui
1368 3447 1450 3514 qno·

241 3549 324 3614 niam
359 3551 468 3613 contra
500 3543 699 3627 majestatem
730 3544 868 3610 divinam
890 3549 1085 3624 tumuerant,
1120 3543 1296 3629 majestatis
1322 3561 1448 3627 quoque

240 3659 405 3746 proprium
426 3655 522 3723 fuerit
547 3676 581 3722 se
604 3654 780 3722 dotalibus
803 3655 968 3723 vindicare.
991 3655 1142 3723 Similiter
1164 3658 1269 3721 autem
1292 3658 1323 3720 et
1344 3654 1378 3720 hi
1393 3654 1450 3738 qui
1576 3691 1577 3748 l

241 3771 356 3837 turrim
391 3772 499 3835 contra
521 3767 693 3833 Dominum
727 3767 889 3832 aedificare
922 3771 1088 3853 coeperant
1117 3770 1199 3834 sicut
1219 3765 1449 3832 haereticorum
1576 3823 1577 3852 ,

241 3899 356 3946 nomen
388 3899 481 3946 suum
511 3878 666 3945 celebrare
700 3877 890 3962 cupientium
919 3879 1082 3945 audaciam
1104 3880 1199 3944 simul
1221 3880 1253 3944 et
1275 3878 1448 3943 venialem

241 3989 414 4077 spirabant:
448 3991 493 4056 ita
515 3989 684 4055 eorundem
701 3989 734 4054 in
757 3989 813 4054 tali
835 3989 974 4056 aedilicio
1012 3992 1126 4074 typum
1149 4007 1271 4074 quoque
1292 3985 1451 4070 praelere—
1576 4015 1577 4076 j

240 4100 327 4169 bant.
372 4101 452 4185 Quid
474 4101 557 4167 enim
579 4104 628 4167 est
650 4099 803 4186 ejusmodi
824 4102 938 4167 turrim
968 4101 1052 4167 filios
1073 4100 1179 4167 Adam
1201 4099 1364 4166 aedificare
1386 4096 1450 4163 nisi

241 4213 335 4298 primi
366 4212 612 4300 praesumptoris
647 4230 794 4296 sequaces
828 4213 1061 4278 mendaciorum
1095 4211 1245 4277 cuniculis
1269 4208 1449 4275 haeresium
1576 4277 1577 4288 ,

241 4323 392 4390 fabricam
414 4323 531 4406 erigere
553 4321 641 4405 cujus
663 4323 786 4388 culmen
801 4321 934 4388 aedificii
950 4326 1024 4389 tunc
1040 4322 1161 4389 coelum
1176 4321 1305 4406 attingit
1321 4319 1448 4403 quando
