3158 5212
228 395 272 465 ⁷4

228 571 279 651 sit,
301 569 450 635 nimirum
471 568 550 652 Cyro
570 570 601 634 et
616 567 711 633 Dario
728 570 822 651 atque
836 566 1008 635 Artaxerxe
1028 569 1195 634 Persarum
1212 571 1243 633 et
1262 566 1433 633 Medorum

226 681 352 766 regibus
375 680 587 763 captivitatem
609 679 818 744 relaxantibus
844 683 875 745 et
889 697 964 745 vasa
985 679 1097 744 domus
1113 679 1172 745 Dei
1187 676 1426 744 restituentibus

227 795 399 875 domusque
427 791 495 875 ipsa
524 793 560 855 ut
581 790 829 856 reaedificaretur
851 790 1102 872 concedentibus,
1135 791 1168 856 in
1190 789 1257 875 ejus
1280 787 1426 854 aedifica·

227 905 344 970 tionem
367 904 513 987 sumptus
535 899 764 985 praebentibus.
788 902 859 966 Hoc
883 901 966 966 enirn
980 904 1158 985 praeclaras
1172 901 1257 966 illiue
1273 900 1318 967 rei
1333 903 1428 984 typus

228 1014 339 1094 extitit,
370 1031 447 1097 quae
469 1013 670 1096 postmodum
699 1011 731 1076 in
753 1011 894 1077 Romano
916 1011 1046 1096 imperio
1069 1031 1124 1096 per
1146 1011 1233 1095 pium
1254 1009 1428 1095 principem

228 1123 471 1193 Constantinum
494 1125 647 1206 completa
670 1127 727 1202 ast,
751 1123 872 1207 quando
895 1122 963 1206 ipso
986 1121 1129 1188 uidelicet
1146 1121 1215 1205 jnm
1237 1121 1319 1186 dicto
1342 1121 1431 1206 prin-

233 1237 299 1320 cipe
322 1234 417 1300 fidem
439 1235 604 1301 accedente
625 1235 725 1299 malac
739 1253 796 1319 per
811 1252 883 1299 cum
897 1234 982 1317 loges
999 1231 1121 1298 ablatae
1143 1250 1179 1297 ac
1202 1232 1345 1297 meliores
1368 1248 1427 1316 pro

227 1346 374 1413 ecclesiae
409 1344 579 1411 catholicae
611 1363 687 1428 pace
720 1363 756 1410 ac
789 1345 988 1426 provectione
1020 1343 1208 1410 eonst'tutae
1231 1345 1314 1422 sunt,
1347 1341 1431 1406 sicut

227 1458 463 1543 scriptumest:
487 1455 637 1521 Tollite
659 1459 799 1539 portas
820 1455 1029 1540 principes
1052 1460 1215 1523 vestras
1239 1457 1277 1518 et
1299 1453 1432 1519 eleva·

226 1569 327 1634 mini
348 1570 492 1652 portae
512 1567 746 1632 aeternales
770 1572 807 1633 et
828 1567 1017 1633 introibit
1038 1587 1103 1633 rex
1118 1569 1315 1654 gloriam)
1338 1568 1432 1634 Prin-

226 1683 330 1764 cipum
352 1697 505 1762 namquae
526 1679 635 1763 portae
657 1676 842 1744 auferendae
875 1679 976 1744 malae
1009 1679 1152 1763 ipsorum
1184 1681 1268 1764 leges
1301 1677 1431 1744 fuerumt

186 1827 188 1832 ·
226 1794 334 1857 contra
367 1791 530 1856 ecclesiam
562 1791 726 1874 aliquando
760 1791 855 1855 etiarn
887 1791 920 1855 in
954 1791 1053 1855 aereis
1089 1789 1205 1856 tabulis
1241 1789 1430 1874 propositae.

226 1901 342 1967 Portae
370 1919 443 1967 vero
472 1902 642 1967 aeternales
671 1901 770 1966 bonae
798 1919 856 1985 pro
880 1901 1010 1967 ecclesia
1032 1902 1117 1986 leges
1140 1901 1317 1982 extiterunt,
1351 1919 1431 1985 quae

226 2014 301 2076 tunc
323 2011 460 2075 elevatae
482 2014 565 2091 sunt,
597 2011 728 2094 quando,
760 2011 841 2076 siout
859 2011 927 2094 jam
950 2011 1068 2078 dictum
1098 2015 1156 2092 est,
1185 2011 1255 2096 pius
1284 2011 1428 2097 princeps

227 2123 449 2190 Constantinus
479 2140 537 2186 neo
562 2140 625 2186 non
654 2125 686 2187 et
714 2120 767 2186 alii
795 2125 867 2205 post
891 2141 963 2186 eum
985 2123 1190 2207 imperatores
1214 2123 1350 2208 optimas
1372 2142 1429 2207 pro

227 2235 356 2300 ecclesia
374 2235 432 2299 Dei
454 2237 538 2318 leges
562 2236 748 2299 statuerunt.
771 2234 809 2298 In
831 2236 955 2298 tantum
976 2252 1112 2317 namque
1130 2233 1197 2317 jam
1219 2233 1321 2300 dictus
1341 2234 1430 2319 priu-

227 2364 301 2430 ceps
331 2344 481 2411 ecclesiae
509 2344 569 2409 Dei
598 2345 676 2428 paci,
710 2343 900 2427 provectioni
922 2361 958 2409 ac
982 2343 1196 2409 sublimationi
1216 2344 1358 2425 intendit,
1393 2349 1430 2410 ut

226 2457 307 2522 sicut
329 2457 481 2541 scriptum
504 2459 551 2522 est
573 2456 611 2520 da
633 2474 704 2540 rego
725 2454 839 2520 Niniue
873 2456 955 2538 quod
992 2456 1098 2520 audita
1121 2453 1207 2520 verbi
1228 2455 1288 2520 Dei
1302 2456 1426 2539 praedi·

226 2571 347 2638 catione
376 2589 430 2653 per
456 2567 641 2652 prophetam
667 2567 783 2634 Jonam
812 2567 978 2632 surrexerit
1000 2567 1038 2632 de
1061 2565 1139 2632 solio
1164 2585 1219 2631 suo
1243 2570 1274 2632 et
1296 2566 1425 2633 indutus

227 2683 268 2748 sit
291 2697 401 2747 sacco:
432 2681 477 2746 ita
507 2683 538 2746 ct
566 2681 627 2746 iste
656 2679 801 2764 princeps
832 2678 1064 2760 Constantinus,
1104 2677 1192 2762 cujus
1222 2678 1374 2744 memoria
1397 2678 1431 2742 in

226 2791 439 2859 benedictione
471 2795 528 2872 est,
561 2791 673 2875 prioris
701 2791 894 2876 ignorantiae
923 2789 1160 2874 poenitudinem
1183 2808 1294 2874 gerens
1324 2792 1430 2857 locum

226 2904 297 2970 solii
326 2905 375 2970 sui
403 2902 513 2969 urbem
541 2903 686 2969 videlicet
717 2903 850 2969 Romam
881 2903 1013 2988 principi
1041 2902 1267 2985 Apostolorum
1299 2900 1430 2986 ejusque

227 3014 457 3081 successoribus
486 3014 635 3080 Romanis
667 3015 869 3080 Pontificibus
899 3013 1086 3083 concesserit
1115 3030 1151 3077 ac
1171 3012 1253 3076 intra
1275 3013 1429 3096 palatium

225 3128 427 3206 lateranense,
458 3128 540 3210 quod
572 3129 638 3190 erat
668 3125 811 3191 omnibus
840 3125 963 3209 palatiis
993 3123 1168 3202 sublimius,
1204 3123 1367 3188 ecclesiam
1395 3124 1430 3189 iu

225 3237 342 3303 honore
376 3237 546 3304 salvatoris
575 3236 704 3300 Domini
731 3237 831 3302 nostri
853 3237 874 3303 J
877 3255 931 3300 esu
959 3234 1076 3302 Christi
1106 3233 1279 3299 consecrari
1309 3232 1428 3314 feccrit,

225 3349 293 3432 ipse
316 3347 376 3413 sibi
398 3349 505 3413 sedam
526 3347 700 3431 imperilia
722 3347 862 3432 partibus
886 3346 1013 3412 orientis
1030 3347 1147 3431 optimo
1162 3345 1307 3411 uidelicet
1328 3349 1431 3412 terrae

227 3460 293 3524 solo
316 3459 502 3544 Byzantium
525 3477 717 3539 consecrans,
746 3459 894 3523 nimirum
919 3476 1053 3541 acquum
1083 3476 1236 3524 essenon
1258 3453 1427 3538 arbitrans,

226 3576 263 3637 ut
294 3571 503 3656 principatum
533 3570 698 3636 sacerdotii
726 3570 759 3634 in
790 3569 904 3634 vicario
927 3569 1013 3634 Petri
1043 3570 1209 3652 sedemque
1231 3568 1428 3652 imperialem

227 3683 318 3749 unius
342 3683 477 3750 civitatis
506 3683 643 3747 ambitus
675 3681 878 3747 concluderet.
914 3681 954 3746 Et
977 3680 1021 3744 ita
1042 3681 1157 3745 veritas
1180 3697 1333 3744 novorum
1355 3697 1431 3744 cum

225 3797 302 3880 typo
325 3793 521 3878 antiquitatis
544 3793 697 3878 congruit,
721 3797 757 3859 ut
779 3794 993 3859 concessiones
1016 3792 1084 3875 piae
1107 3811 1162 3876 par
1185 3792 1427 3858 Constantinum

226 3905 396 3990 principem
430 3905 568 3970 ecclesiis
603 3905 661 3971 Dei
693 3904 793 3970 factae
826 3902 1077 3969 concessionibus
1109 3904 1146 3969 de
1179 3897 1429 3969 reaedificatione

227 4017 338 4100 templi
359 4034 413 4099 per
437 4015 566 4098 Cyrum,
596 4017 787 4082 Artaxerxen
810 4018 841 4080 et
863 4015 995 4080 Darium
1018 4014 1109 4080 lactis
1134 4015 1354 4080 concinnanter
1377 4035 1430 4081 re·

229 4127 408 4210 spondeant.

330 4420 349 4486 ¹)
369 4417 413 4471 Ps.
433 4417 476 4472 23.
497 4417 522 4472 9.
