3172 5202
1299 425 1361 492 145

154 590 329 657 intentione
351 585 609 670 ierosolymitani
643 593 747 655 totum
783 588 890 656 orbem
923 592 955 656 in
978 592 1205 677 expeditionem
1237 615 1362 680 permo-

156 707 286 786 vissent,
322 701 466 786 quodque
499 702 586 765 tanto
619 698 673 766 illo
696 701 793 767 totius
817 701 900 767 orbis
923 707 1013 769 motu
1033 702 1292 788 laboriosissimo,
1315 711 1363 773 tot

155 812 313 882 mortibus
338 811 595 894 christianorum,
633 811 685 895 qui
718 812 833 895 partim
865 814 1007 898 gentium
1039 815 1151 901 gladiis
1174 820 1206 882 et
1226 819 1361 902 sagittis,

155 927 274 1013 partim
307 923 392 990 lanne
413 922 597 1009 suffigere,
634 923 751 1009 partim
784 924 986 992 dissenteriae
1007 927 1116 994 morbo
1139 947 1176 995 ao
1198 928 1362 994 fluminum

154 1039 285 1105 insursu
306 1036 463 1120 marisqne
485 1037 673 1119 tempestate
695 1036 859 1119 perierant,
879 1056 942 1103 non
964 1041 1030 1104 tam
1052 1057 1161 1124 paoem
1175 1039 1245 1121 sibi,
1269 1041 1362 1124 siqui·

155 1151 229 1216 dem
250 1165 322 1214 eam
343 1148 465 1232 integre
485 1143 698 1232 possidebant,
721 1165 814 1232 quam
836 1149 905 1214 auri
926 1151 958 1214 et
979 1151 1101 1235 argenti
1123 1151 1286 1219 thesauros
1302 1153 1363 1220 sibi

155 1258 368 1345 mtdtiplioare
390 1257 588 1342 quaesierint.
635 1257 788 1332 Continuo
811 1278 954 1344 namque,
988 1264 1025 1326 ut
1058 1260 1220 1330 obsidione
1252 1265 1362 1331 civitas

155 1372 340 1451 cinebert,
374 1370 456 1437 eines
488 1369 572 1436 intra
604 1371 727 1437 moenia
758 1371 855 1456 positi
877 1372 915 1437 de
937 1389 1014 1457 paee
1036 1376 1069 1438 et
1090 1374 1250 1441 obsidione
1284 1377 1364 1442 rela-

155 1484 257 1550 xanda
279 1500 352 1550 oum
372 1481 645 1566 ierosolymitanis
668 1485 803 1549 tractare
826 1487 1004 1569 coeperunt.
1035 1484 1154 1568 Quibus
1177 1487 1272 1552 etiam
1295 1487 1363 1553 auri

155 1596 332 1682 plurimum
354 1593 518 1660 offerentes
540 1611 613 1658 mor
632 1595 716 1678 quod
738 1594 892 1678 petierant
913 1595 1129 1680 impetrarunt.
1154 1597 1363 1665 conventione

156 1707 204 1774 ita
224 1707 308 1792 panti
342 1703 425 1772 olam
446 1701 573 1769 firmata
594 1703 785 1788 pecuniaque
815 1705 940 1790 eopiosa
961 1710 1087 1792 reoepta
1108 1707 1364 1792 ierosolymitani

156 1834 309 1904 persuaso
342 1835 416 1900 rege
447 1815 597 1882 Francius
618 1815 659 1883 ab
682 1814 843 1882 obsidione
864 1821 1060 1884 recesserunt
1081 1837 1188 1905 regem
1209 1819 1363 1886 Romano·

157 1945 230 1994 rum
251 1926 357 1993 solnm
378 1943 451 1992 enm
474 1926 541 1992 suis
563 1925 597 1991 in
618 1923 780 1993 obsidione
801 1928 1021 2011 relinquentes.
1057 1930 1118 2013 Qui
1139 1949 1212 1998 enm
1234 1931 1364 2000 vidisset

158 2057 266 2106 seeum
287 2037 501 2106 fraudulenter
534 2039 641 2103 aetum
663 2037 759 2104 etiam
776 2037 844 2122 ipse
866 2039 950 2122 quod
971 2040 1125 2125 reliquom
1143 2045 1214 2109 'erat
1246 2042 1286 2109 ab
1308 2042 1364 2108 ab·

158 2150 279 2216 sidione
300 2147 440 2217 recessit.
456 2146 480 2234 1)

256 2263 338 2330 ane
360 2262 430 2346 quis
452 2261 541 2328 finis!
570 2261 639 2347 quis
661 2259 792 2343 fruetus,
806 2265 922 2346 quanta
942 2283 1048 2330 rerum
1070 2265 1232 2332 molimina
1253 2265 1363 2333 subse·

157 2385 249 2444 cutus
273 2378 331 2440 est.
376 2373 452 2457 Quis
474 2391 538 2439 non
559 2375 668 2457 penset
701 2392 737 2440 er
768 2373 831 2439 fine
862 2375 1118 2462 ierosolymitani
1151 2381 1238 2444 tanto
1259 2397 1363 2444 rerum

157 2494 257 2570 moto,
292 2490 341 2554 tot
373 2485 528 2553 mortibus
561 2485 814 2571 christianorum,
853 2492 941 2556 tanto
976 2509 1080 2556 rerum
1113 2488 1311 2574 publicarum
1333 2496 1365 2557 et

157 2603 310 2688 cujusque
330 2600 524 2686 privatarum
545 2597 717 2683 dispendiis
740 2599 814 2683 quid
836 2599 1049 2667 intenderint?
1089 2599 1173 2666 Nam
1196 2602 1278 2685 quod
1300 2599 1364 2668 iere

157 2718 259 2784 solam
290 2713 440 2801 pecuniae
471 2710 694 2797 aeeeptionem
728 2711 793 2779 sive
827 2732 863 2778 ex
889 2708 1097 2779 oblationibus
1127 2711 1362 2779 adventantium

157 2827 223 2894 sine
256 2844 293 2894 ex
326 2822 540 2908 redemptione
572 2820 781 2902 obsidionum,
813 2822 1004 2890 intenderint
1036 2825 1182 2905 aeoeptae
1213 2823 1363 2908 pecuniae

156 2938 229 3006 dnis
250 2934 405 3022 probavit.
428 2931 490 3000 Sed
512 2933 579 3000 Deo
601 2933 729 3000 interim
750 2934 846 2999 etiam
867 2933 918 2998 bie
936 2932 1022 3016 juste
1040 2931 1204 3016 judicante
1225 2953 1287 3000 non
1309 2954 1363 3002 us·

157 3065 342 3135 quequaqne
362 3045 401 3112 de
422 3046 529 3111 tantm
549 3042 701 3128 peouniao
722 3043 904 3129 aooeptione
925 3043 1031 3127 iniqua
1049 3043 1151 3128 ganisi
1174 3048 1257 3114 sunt.
1279 3044 1363 3110 Nam

156 3159 213 3245 qni
234 3159 353 3225 multos
375 3157 562 3245 deceperant
593 3154 688 3221 otiam
724 3153 788 3239 ipsi
809 3154 843 3220 in
864 3153 972 3220 eadem
994 3154 1127 3240 paeonia
1149 3156 1223 3222 date
1244 3156 1363 3240 decepti

156 3275 242 3352 sunt,
266 3269 421 3356 siquidem
442 3286 480 3335 ex
500 3266 635 3334 maxima
670 3269 761 3351 parte
782 3285 838 3350 pro
860 3284 936 3332 auro
959 3284 1091 3349 oupmm
1112 3265 1254 3334 innatum
1276 3285 1363 3332 aeeo-

154 3384 279 3468 perant,
303 3383 455 3465 qnatenus
479 3397 531 3445 eos
554 3376 693 3444 velsero
715 3377 896 3461 poeniteret,
920 3377 1002 3462 qnod
1024 3379 1148 3444 tantum
1171 3375 1363 3444 Christiano·

154 3513 228 3562 rum
250 3491 436 3580 sanguinem
457 3493 525 3556 tam
546 3486 600 3555 vili
621 3488 723 3573 pretio
744 3487 966 3554 vendidissent.

608 3731 716 3802 Gap.
736 3727 922 3786 Lxxn.

397 3853 589 3932 Inolamatio
611 3854 728 3924 annua
748 3849 934 3922 Jerusalem
955 3851 1130 3919 terrenam.

258 3984 508 4103 Jerusalem,
536 4019 779 4102 Jerusalem,
810 4036 908 4103 quae
935 4014 1136 4083 occidisti
1167 4013 1243 4079 olim
1265 4031 1364 4098 pro·

155 4131 306 4219 phetas
326 4134 365 4197 et
385 4127 583 4217 lapidasti
605 4151 676 4214 eos,
693 4130 758 4217 qui
780 4129 828 4196 ad
851 4131 889 4195 te
910 4126 1027 4193 missi
1049 4121 1264 4208 iueranw)
1287 4123 1363 4206 qnid

263 4319 282 4390 ¹)
300 4320 359 4374 Hue
378 4336 461 4388 usque
486 4321 546 4374 ride
570 4319 661 4375 chron.
688 4318 776 4371 Iteieln
804 4316 844 4372 ed.
872 4315 978 4371 Geuold
1004 4315 1038 4369 ed
1064 4332 1087 4370 a.
1109 4314 1179 4370 1147
1208 4314 1252 4368 ubi
1271 4316 1361 4382 perrois

301 4415 453 4467 intermissis
472 4413 562 4466 eedem
581 4410 659 4465 verba
678 4413 786 4464 exstant.

262 4507 282 4572 ¹)
302 4504 386 4559 mern.
407 4503 451 4559 23.
471 4503 516 4558 37.
1224 4581 1264 4646 10
