3172 5202
271 389 332 454 162

268 559 378 640 doubs,
416 558 564 625 nimirum
597 561 723 642 propter
746 559 892 625 scandala
914 562 1074 645 multaque
1111 581 1274 647 perperam
1297 566 1367 630 acta
1391 583 1479 649 quae

267 672 432 740 hincinde
454 673 638 738 alterutrum
676 669 716 736 ab
737 671 897 737 alterutris
921 671 1121 756 objiciuntur,
1137 693 1279 758 quorum
1301 680 1333 742 et
1355 676 1479 742 similia

268 786 316 852 rel
338 783 442 868 pejora
464 784 496 848 in
518 782 661 848 futurum
677 783 835 849 timentur.
860 785 950 866 Quod
972 783 998 848 si
1021 789 1150 868 quaerat
1174 786 1242 870 quis
1265 805 1284 852 a
1306 807 1365 868 me,
1389 805 1477 872 quae

266 896 399 962 istarum
431 894 527 960 trium
549 895 686 978 partium
718 893 822 958 animo
856 911 925 958 meo
948 894 1048 978 magis
1072 897 1264 979 complaceat
1294 916 1348 962 seu
1371 897 1478 962 tutior

266 1007 343 1074 mihi
365 1007 506 1073 rideatur
527 1007 692 1089 minusque
714 1004 827 1070 habere
849 1005 987 1088 periculi,
1022 1005 1102 1071 sciat
1123 1025 1174 1072 me
1195 1005 1227 1071 in
1249 1005 1342 1072 rebus
1364 1007 1477 1074 dubiis

269 1121 362 1203 atque
373 1119 474 1184 adhuc
488 1114 696 1203 pendentibus
712 1115 910 1182 diffinitivam
923 1116 1006 1182 nolle
1020 1117 1100 1182 ferre
1112 1119 1337 1205 sententiam.¹)
1349 1119 1478 1186 Verum

266 1231 294 1297 si
316 1247 426 1314 urgere
447 1249 509 1296 non
531 1228 645 1296 desinit
666 1229 786 1294 noverit
810 1227 908 1294 tutius
930 1229 1008 1294 mihi
1029 1229 1155 1295 interim
1177 1231 1274 1298 rideri
1294 1233 1476 1299 mediorum

267 1342 393 1408 illorum
416 1341 603 1408 desiderium
618 1339 844 1406 discussionem
865 1340 966 1407 adhue
987 1339 1160 1426 pleniorem
1181 1343 1281 1427 partis
1303 1343 1474 1428 utriusque

265 1452 518 1536 exspectantium,
554 1470 589 1517 eo
613 1451 697 1534 quod
718 1469 737 1514 a
760 1450 938 1517 schismatis
970 1451 1109 1536 periculo
1132 1469 1205 1537 pars
1230 1453 1284 1519 illa
1305 1454 1397 1520 tortia
1419 1475 1473 1520 re·

264 1567 380 1631 metior
401 1565 452 1630 sit.
476 1562 559 1628 Nam
584 1561 741 1646 quaelibet
763 1563 896 1628 duarum
916 1563 1053 1648 partium
1076 1564 1209 1630 invicem
1232 1583 1266 1630 se
1288 1585 1473 1632 excommn-

263 1677 435 1746 nioantium
457 1679 489 1743 et
510 1674 549 1742 ab
572 1676 722 1740 alterutra
760 1674 1097 1740 excommunicatarum
1130 1693 1185 1741 seu
1207 1676 1328 1742 meliori
1364 1677 1472 1742 adhuc

262 1789 448 1875 interposita
469 1785 661 1852 discussione
685 1805 740 1851 seu
762 1783 973 1850 universitatis
996 1804 1068 1850 cum
1082 1786 1262 1868 apostolicis
1285 1787 1408 1854 sedibus
1434 1790 1472 1854 in

263 1921 296 1968 se
318 1877 402 1968 facta
424 1899 626 1967 consensione
647 1896 758 1962 victrix
781 1895 930 1975 extiterit,
957 1895 1112 1961 contraria
1134 1897 1162 1962 ei
1183 1916 1255 1981 pars
1278 1898 1360 1965 ricta
1381 1899 1473 1966 vide-

261 2011 335 2078 licet
357 2009 571 2076 schismaticae
595 2005 802 2072 damnationis
818 2005 954 2089 periculo
971 2004 1153 2089 subjacebit.
1177 2006 1245 2074 Ista
1268 2027 1340 2075 rero
1362 2012 1470 2077 media

262 2140 335 2207 pars
358 2120 517 2186 tutissima
549 2118 692 2184 incedens
717 2119 748 2182 et
771 2117 860 2201 quasi
882 2134 955 2182 oum
978 2118 1072 2184 Petro
1096 2120 1229 2204 alonge
1252 2139 1393 2206 sequens,
1430 2128 1471 2188 ut

262 2235 406 2318 optatum
440 2230 499 2298 sibi
533 2247 569 2296 ac
591 2229 657 2296 Deo
690 2230 865 2314 placentem
897 2229 1001 2295 rideat
1033 2230 1127 2296 finem
1148 2249 1167 2295 a
1185 2230 1303 2314 judicio
1336 2232 1467 2300 interim

262 2343 471 2410 damnationis
502 2343 582 2407 inter
604 2341 713 2407 ambas
742 2343 846 2425 partes
871 2361 904 2408 se
926 2341 1096 2423 continens,
1115 2342 1232 2427 jndicio
1253 2363 1325 2412 varo
1347 2346 1469 2414 disme-

261 2454 371 2535 tionis,
396 2457 510 2538 quanta
533 2454 616 2519 valet
636 2454 767 2532 cautela,
802 2473 835 2519 se
857 2453 992 2538 dirigens
1016 2473 1053 2520 ne
1074 2453 1155 2520 iliud
1187 2472 1243 2521 vae
1264 2457 1381 2524 ineidat
1401 2459 1468 2524 di·

264 2563 442 2632 centium
462 2564 602 2630 bonum
624 2564 773 2629 malum
794 2567 856 2630 rel
879 2567 1027 2630 malum
1049 2562 1203 2647 bonum,
1226 2569 1467 2652 ponentium

261 2679 390 2744 lucem
413 2675 609 2743 tenebras
632 2681 672 2741 et
695 2675 889 2742 tenebras
911 2678 1058 2756 lucem,
1084 2679 1203 2744 dulce
1224 2679 1261 2745 in
1284 2698 1466 2747 amarum

261 2795 490 2855 scamarum
505 2789 545 2854 in
560 2790 673 2854 dulce
684 2788 723 2872 a),
739 2789 815 2854 haec
830 2789 958 2873 inquam
973 2807 1045 2874 pars
1062 2789 1217 2875 quaelibet
1232 2792 1364 2858 duarum
1380 2792 1467 2860 ohti-

259 2901 363 2967 nuerit
374 2899 480 2979 libera,
493 2903 529 2964 ut
540 2899 681 2978 aestimo,
694 2919 713 2966 a
727 2901 905 2966 schismatis
918 2901 1054 2985 periculo
1071 2902 1137 2969 erit.
1160 2901 1191 2968 N
1192 2921 1244 2968 am
1260 2922 1353 2988 quem
1367 2908 1467 2974 acole-

261 3014 325 3079 siae
347 3010 448 3095 major
464 3010 651 3076 unanimitas
663 3011 843 3096 apostolicis
870 3011 995 3078 sedibus
1014 3011 1465 3101 roboratadiscussionaprae-

261 3123 389 3190 cedente
411 3141 466 3188 seu
487 3138 549 3185 non
565 3123 766 3204 praecedente
782 3123 932 3207 receperit
954 3123 1036 3190 hunc
1052 3129 1083 3190 et
1099 3124 1169 3211 ipsa
1191 3128 1241 3192 vel
1261 3129 1394 3194 amando
1410 3130 1462 3195 vel

143 3271 145 3278 ι
261 3231 442 3301 sustinendo
458 3231 594 3315 recipiet.
611 3231 784 3301 sustinebit
798 3236 903 3299 autem
919 3234 1014 3300 etiam
1029 3235 1056 3300 si
1071 3237 1173 3302 minus
1190 3237 1228 3303 de
1243 3237 1371 3322 objectis
1387 3259 1464 3324 pur·

260 3349 370 3430 gatnm
392 3345 556 3428 minusque
579 3364 613 3410 se
635 3345 673 3409 ad
688 3345 859 3428 apostolica
875 3364 930 3410 seu
945 3345 1099 3412 dominica
1122 3350 1261 3431 exempla
1282 3354 1460 3433 gerentem;

261 3455 435 3536 sustinebit,
469 3456 606 3539 inquam,
640 3473 702 3552 non
725 3455 820 3520 etiam
839 3455 972 3540 accipiet
994 3456 1043 3522 vel
1064 3462 1229 3544 acceptum
1250 3460 1387 3542 habebit,
1422 3481 1464 3530 ne

259 3567 417 3652 particeps
449 3566 575 3632 illorum
607 3567 663 3633 fiat
696 3564 807 3650 quibus
842 3565 971 3632 dicitur:
1008 3569 1035 3634 E
1043 3587 1087 3652 go
1112 3569 1199 3636 veni
1231 3569 1271 3636 in
1300 3572 1463 3646 nomine

259 3676 394 3758 patris
416 3678 491 3743 mei
513 3681 553 3745 et
573 3697 651 3744 non
673 3678 895 3762 accepistis
918 3697 984 3744 me.
1023 3679 1139 3745 Alius
1164 3679 1304 3748 reniet
1325 3683 1364 3749 in
1386 3702 1464 3750 no·

260 3785 359 3854 mine
381 3808 449 3857 suo
472 3791 585 3857 illum
607 3787 860 3876 accipientes)
905 3790 1035 3858 Amabit
1057 3793 1161 3858 autem
1184 3809 1295 3859 manus
1319 3795 1459 3864 otiatus

262 3975 511 3987 m—

363 4072 380 4141 l)
400 4075 471 4129 Conf.
492 4075 601 4142 praefat.
622 4075 648 4128 2.
667 4074 713 4128 ubi
732 4075 803 4138 dicit,
822 4076 874 4142 jam
895 4075 964 4128 ultra
982 4075 1118 4131 dubitandi
1139 4074 1223 4128 locum
1243 4091 1291 4128 nou
1310 4091 1373 4138 esse,
1396 4079 1460 4145 quin

399 4171 551 4228 Alexander
570 4188 615 4240 pro
634 4188 700 4240 papa
718 4174 833 4239 legitimo
848 4172 982 4231 habeatur.
1012 4174 1265 4238 armassemus,
1293 4177 1338 4245 sit,
1358 4181 1461 4232 nostrae

399 4269 567 4326 dubitationis
586 4272 705 4340 ambages
724 4277 859 4328 excusatas
879 4289 934 4326 esse
953 4275 1095 4342 cupientes,

361 4363 542 4428 bmbw

359 4466 380 4535 8)
399 4469 470 4526 Joan.
491 4470 516 4525 5.
536 4469 580 4525 42.
