3172 5202
259 389 321 454 174

254 560 416 626 nulactum
441 560 584 638 stetisse,
610 577 667 643 ego
690 577 761 625 vero
783 558 884 643 maglo
906 559 1113 626 abominabile
1135 558 1308 625 existimem
1329 557 1363 622 in
1386 556 1467 622 sede

255 669 285 738 b.
310 672 395 736 Petri
428 669 602 748 auaritiam,
642 688 745 753 quae
779 672 838 735 est
872 671 1185 738 simulacrorum
1217 668 1468 752 servitus,1)

256 781 358 846 fronte
391 783 502 866 aperta
534 780 669 846 residere
690 781 722 845 in
743 781 812 847 loco
841 780 949 865 judieii
971 783 1168 870 iniquitatem
1206 786 1289 848 stare
1311 801 1348 848 ac
1369 786 1469 868 pote·

255 895 370 958 statem
391 891 424 956 in
445 891 616 958 sacerdotio
639 895 813 958 exercentes
836 891 989 960 beneficos
1011 895 1137 979 insuper
1159 893 1220 960 dici
1241 894 1331 959 velle.
1375 893 1466 977 Quin

256 1003 354 1071 etiam
376 1004 459 1070 sicut
473 1003 638 1089 aliquando
655 1004 801 1071 Caesares
824 1003 977 1087 quaedam
998 1004 1189 1090 pontificalia
1205 1008 1236 1072 et
1252 1004 1468 1072 ecclesiastica

254 1112 503 1199 praesumebant,
537 1115 581 1179 ita
603 1113 657 1180 isti
679 1115 717 1181 de
740 1117 847 1181 contra
881 1134 952 1181 cum
985 1117 1156 1183 sacerdotio
1195 1118 1349 1202 quoddam
1371 1119 1405 1183 in
1427 1138 1466 1184 se

256 1243 435 1292 caesareum
471 1244 507 1292 ac
541 1243 812 1309 superoaesareum
845 1225 1065 1312 imaginantur.
1109 1225 1193 1293 Nam
1215 1229 1290 1296 dum
1313 1227 1464 1298 Caesares

255 1336 393 1403 hominio
416 1335 476 1404 sibi
499 1335 631 1422 obligari
653 1337 827 1423 pinguntll
848 1339 1018 1423 loquuntur
1035 1342 1067 1405 et
1082 1338 1233 1421 scribunt,
1255 1341 1331 1407 dum
1350 1359 1461 1408 eorum

255 1466 421 1534 processus
455 1465 616 1532 quousque
647 1449 773 1516 veniant
795 1454 826 1518 et
847 1450 901 1517 ubi
923 1448 1108 1532 subsistant,
1144 1469 1220 1536 quas
1255 1454 1363 1518 contra
1386 1453 1463 1519 ciri·

256 1564 338 1628 tates
360 1562 494 1642 veniant,
517 1579 537 1626 a
559 1560 671 1646 quibus
694 1563 789 1629 etiam
810 1562 939 1647 imperio
962 1560 1129 1628 rebellibus
1151 1561 1330 1630 abstineant
1366 1579 1463 1649 prae·

258 1675 407 1758 erubunt,
431 1676 504 1762 quid
526 1677 586 1743 nisi
609 1698 642 1744 se
663 1677 868 1762 imperatores
891 1679 922 1740 et
945 1674 1170 1759 imperatorum
1193 1674 1343 1755 dominor,
1367 1693 1462 1760 porro

257 1787 461 1872 imperatores
484 1807 558 1856 suos
580 1790 742 1856 vassallos
765 1787 985 1854 constituunt?

357 1899 427 1966 Hoc
447 1903 555 1966 autem
576 1900 649 1985 quid
683 1903 731 1967 est
753 1901 838 1966 aliud
864 1915 957 1985 quam
991 1900 1181 1984 potestatem
1201 1914 1220 1963 a
1244 1898 1309 1964 Deo
1346 1897 1466 1964 consti·

258 2010 866 2078 tntamdestruereetordinationi
902 2012 971 2078 Dei
993 2008 1255 2095 reisterc?³)
1299 2009 1464 2093 Quomodo
1565 2027 1566 2054 ¹

196 2164 205 2180 .
259 2139 331 2188 vero
353 2121 521 2206 imperium
543 2123 738 2189 destructum
759 2142 821 2190 non
836 2123 903 2204 erit,
927 2123 956 2189 si
977 2123 1085 2190 civitas
1100 2125 1126 2202 ⁴)
1151 2122 1305 2208 quaelibet
1327 2122 1463 2189 aliarum

260 2231 422 2299 ciuitatum
444 2233 602 2315 vastatrix,
621 2233 766 2317 justiliae
787 2237 881 2318 atque
902 2235 1033 2319 imperio
1044 2233 1183 2310 rebellis,
1202 2234 1334 2301 tuitione
1356 2231 1466 2299 domni

260 2363 361 2431 papae
381 2346 498 2412 mirum
521 2346 548 2411 si
570 2350 601 2412 et
622 2345 740 2431 absque
762 2347 939 2412 interventu
960 2345 1109 2431 pecuniae
1131 2364 1242 2413 manus
1264 2345 1465 2430 imperatoris
1565 2333 1566 2338 ’

261 2459 293 2521 et
315 2459 439 2523 omnem
455 2455 598 2540 justitiae
618 2457 864 2524 satisfactionem
887 2458 1024 2524 evadet?
1049 2457 1108 2525 Ubi
1124 2461 1215 2525 erunt
1232 2459 1293 2525 duo
1309 2457 1355 2523 illi
1374 2474 1465 2523 evan·
1565 2457 1566 2462 ’

259 2567 350 2653 gelici
371 2568 476 2654 gladii,
511 2569 539 2635 si
560 2569 610 2636 rel
632 2569 736 2635 omnia
758 2568 963 2655 Apostolicus
981 2568 1007 2656 ⁵)
1043 2573 1093 2638 vel
1115 2571 1219 2637 omnia
1241 2570 1354 2638 caesor
1376 2572 1465 2638 erit?

262 2679 358 2761 Quasi
379 2679 462 2745 enim
485 2700 582 2746 unum
615 2681 652 2746 de
675 2681 797 2766 magnis
819 2681 939 2750 duobus
962 2681 1169 2749 luminaribus
1184 2679 1208 2764 ⁶)
1234 2701 1250 2748 e
1272 2681 1388 2747 mundo
1411 2685 1466 2747 tu·
1565 2671 1566 2682 ’

261 2791 334 2856 leris
367 2791 395 2856 si
417 2793 466 2858 vel
486 2791 655 2877 imperium
688 2813 744 2860 suo
776 2796 825 2861 vel
847 2794 1055 2862 sacerdotium
1088 2813 1144 2860 suo
1168 2792 1274 2880 vigore
1295 2809 1332 2858 ac
1354 2792 1466 2859 decore

262 2903 406 2968 caruerit.
428 2903 531 2968 Unam
554 2923 676 2988 quoque
699 2906 737 2972 de
759 2906 881 2990 magnis
904 2906 1023 2973 duabus
1035 2905 1188 2973 columnis
1210 2923 1230 2970 a
1251 2904 1330 2971 facie
1352 2905 1467 2990 templl

263 3011 380 3091 tulisti,
414 3011 442 3077 si
475 3013 523 3079 uel
545 3016 716 3082 sacerdotio
738 3017 772 3081 in
794 3016 1008 3102 spiritualibus
1042 3018 1091 3083 vel
1113 3035 1208 3101 regno
1230 3016 1263 3082 in
1286 3014 1467 3100 temporali·

264 3117 322 3185 bus
348 3137 404 3185 sua
422 3118 495 3203 jura
505 3123 675 3206 negaveris.
699 3125 812 3192 Melius
836 3130 967 3211 utraque
988 3130 1129 3212 potestas
1153 3127 1218 3194 suis
1241 3128 1301 3194 erit
1322 3125 1466 3192 terminis

264 3233 446 3318 contenta,“)
468 3253 506 3298 ne
528 3233 628 3299 aliena
648 3252 848 3318 praesumens
871 3236 909 3302 de
932 3254 987 3302 suo
1010 3237 1136 3320 perdere
1148 3239 1312 3304 mereatur.
1335 3237 1464 3304 Timeat

268 3347 413 3412 sacerdos
435 3362 575 3430 pugnare
596 3345 629 3410 in
651 3345 754 3430 gladio
777 3346 932 3412 materiali
952 3347 1002 3413 rel
1023 3346 1056 3412 in
1076 3346 1144 3432 ipso
1160 3348 1333 3415 saeculares
1350 3347 1470 3414 uindic-

266 3460 314 3523 tas
337 3453 448 3537 lacere,
472 3473 510 3522 ne
531 3455 621 3542 argui
643 3475 716 3523 cum
727 3457 821 3524 Petro
843 3460 999 3524 mereatur
1021 3475 1039 3523 a
1061 3457 1196 3524 Domino
1221 3460 1355 3527 dicente:
1379 3460 1470 3528 Gon·

266 3571 373 3634 verte
404 3567 588 3653 gladium
617 3570 726 3634 tuum
748 3568 937 3636 inlocum
960 3567 1133 3654 suum;³)
1167 3572 1259 3638 tuum
1280 3570 1383 3656 inquit
1405 3589 1469 3638 uon

372 3783 390 3848 ¹)
411 3780 466 3838 Ool.
486 3783 512 3842 3.
532 3785 559 3841 5.

369 3878 390 3950 ²)
409 3879 445 3937 cf.
464 3881 498 3936 de
516 3885 608 3950 quarta
627 3884 678 3948 rig.
698 3883 786 3936 noetis·
807 3897 860 3937 nro.
882 3882 925 3937 12.

367 3981 389 4047 ¹)
409 3981 480 4034 Rom.
501 3980 545 4035 13.
565 3979 590 4034 2.

369 4074 390 4146 ⁴)
408 4080 426 4133 i.
446 4093 468 4132 a.
489 4078 675 4135 Mediolanum.

371 4173 392 4245 ⁵)
410 4191 433 4229 e.
450 4191 489 4243 gr.
509 4177 588 4244 Papa.

360 4271 391 4352 .⁶)
409 4274 471 4328 ride
489 4291 568 4343 supra
587 4292 642 4346 cop.
662 4277 706 4332 3⁷.

373 4371 392 4442 1)
409 4374 466 4427 cod.
485 4379 583 4432 conten.

373 4469 393 4540 Β)
412 4474 497 4528 Metu.
515 4473 560 4529 26.
581 4471 627 4530 52.
