3172 5202
265 409 307 474 96

264 579 409 657 condidit,
433 577 534 662 majus
557 579 682 661 quidem
716 581 748 644 et
771 578 901 660 duplum
923 579 1095 644 altitudinis
1118 576 1235 644 habens
1252 577 1362 661 templi
1378 577 1463 659 quod

264 689 402 756 leoerant
423 689 479 756 lilii
501 690 800 774 transmigrationis;
824 691 878 756 sed
893 690 951 755 hoo
966 690 1042 756 feoit
1056 690 1189 774 gloriam
1206 705 1356 771 quaerens
1374 705 1465 754 suam

263 818 326 868 non
347 803 415 868 Dei.

700 1189 811 1258 Gap.
829 1189 1035 1248 XLVIII.

264 1310 373 1378 Verba
394 1311 539 1380 Herodis.
561 1311 755 1380 Aedilleatio
777 1312 891 1400 templi
911 1331 974 1381 nno
989 1331 1074 1381 anno
1090 1312 1124 1379 ot
1140 1312 1277 1400 quinque
1293 1307 1469 1378 mensibus.

364 1499 457 1579 Bene,
479 1499 590 1583 inquit,
612 1501 722 1580 nostis,
748 1501 829 1583 quod
851 1501 935 1566 istud
957 1502 1090 1566 maximo
1107 1501 1174 1566 Deo
1197 1500 1355 1585 templum
1364 1499 1467 1564 nostri

266 1612 370 1693 patros
393 1609 633 1706 aedificaverunt
654 1629 726 1676 oum
750 1612 787 1676 de
810 1611 982 1694 Babylonia
1005 1616 1195 1678 remeassent
1217 1616 1248 1678 et
1264 1612 1337 1695 quia
1353 1612 1469 1678 dosunt

267 1723 295 1785 ei
327 1722 367 1786 ad
397 1722 642 1806 magnitudinem
672 1724 705 1787 in
737 1724 835 1788 altum
865 1721 961 1789 cubiti
992 1724 1150 1809 sexaginta
1173 1723 1344 1789 seeundum
1366 1723 1467 1789 instar

267 1832 362 1912 illius,
385 1833 468 1916 quod
501 1832 648 1900 Salomon
681 1837 909 1913 construxerat,
951 1852 1041 1899 nemo
1078 1833 1302 1920 negligentiam
1338 1834 1465 1918 pietatis

267 1948 394 2028 patrum
416 1947 595 2010 nostrorum
617 1947 751 2010 aoousat.
776 1943 847 2009 Non
870 1945 960 2028 eulpa
981 1944 1107 2009 illorum
1129 1943 1250 2009 fastum
1273 1948 1322 2010 est
1336 1944 1463 2011 breuius

268 2055 428 2138 templum,
453 2055 507 2120 sed
531 2054 628 2139 Cyrus
652 2059 683 2121 et
705 2056 818 2122 Darius
841 2055 1022 2138 hujusmodi
1044 2073 1223 2121 mensuram
1239 2054 1466 2122 aedificationis

266 2163 333 2230 lieri
347 2167 579 2249 praeceperunt.
599 2163 709 2230 Nostri
723 2168 828 2249 patres
852 2168 883 2230 et
904 2169 1070 2256 parentum
1085 2169 1266 2231 nostrorum
1280 2165 1366 2246 dixit,
1391 2167 1466 2250 quia

266 2275 409 2342 videlieet
432 2275 550 2358 judaiei
577 2294 649 2341 enm
683 2295 745 2340 non
776 2279 859 2341 esset
880 2276 1002 2361 generis
1027 2295 1061 2342 ee
1083 2277 1208 2342 volebat
1229 2276 1346 2344 haberi.
1382 2275 1467 2344 Sub·

269 2390 392 2453 secutus
416 2390 446 2451 et
468 2387 528 2452 hoo
550 2386 614 2452 ait:
652 2386 743 2453 Nune
774 2388 879 2453 autem
909 2388 1056 2471 quoniam
1085 2392 1166 2454 nutu
1193 2389 1252 2454 Dei
1273 2387 1463 2472 principatui

268 2519 337 2565 meo
360 2517 419 2584 pax
439 2500 527 2584 larga
556 2515 703 2563 oonoessa
734 2501 782 2563 est
810 2501 841 2563 et
863 2498 1042 2564 divitiarum
1065 2498 1221 2584 possessio
1245 2500 1276 2564 et
1298 2498 1467 2564 multitudo

268 2610 426 2677 redituum
448 2613 488 2690 et,
512 2609 595 2692 quod
619 2609 790 2674 maximum
812 2613 869 2690 est,
893 2610 1051 2675 amioitiae
1073 2607 1222 2692 favorque
1244 2609 1468 2687 Romanorum,

269 2723 321 2806 qui
354 2721 492 2788 omnium
522 2737 625 2785 rerum
655 2719 772 2783 domini
795 2717 941 2799 existunt,
972 2736 1028 2784 our
1050 2737 1111 2784 non
1135 2721 1297 2785 studemus
1320 2720 1466 2785 relietum
1572 2775 1573 2784 ,

268 2832 454 2899 necessitato
488 2831 647 2896 servitutis
677 2832 819 2913 tempore
854 2847 930 2912 opus
965 2828 1119 2913 corrigere
1153 2832 1183 2894 et
1216 2828 1374 2914 integrum
1402 2828 1470 2894 Deo
1572 2815 1573 2894 ζ

268 2941 495 3030 ρεεεεεεερῐο
517 2939 677 3006 benefieiis
709 2938 776 3022 ejus
806 2939 838 3005 iu
860 2957 929 3005 meo
953 2959 1047 3024 regno
1071 2939 1217 3006 oollatisl
1253 2939 1338 3004 Haeo
1361 2939 1466 3006 disens

268 3051 447 3140 properavit
469 3053 681 3136 templumque
712 3052 745 3116 in
777 3070 838 3116 uno
861 3069 940 3115 anno
965 3055 996 3116 et
1018 3051 1177 3117 mensibus
1206 3051 1340 3136 quinque
1363 3068 1471 3136 perau-
1572 3039 1573 3050 ³

270 3168 340 3230 tum
372 3166 428 3229 est.
474 3161 586 3227 Nonne
624 3162 717 3227 homo
755 3161 808 3227 ille
840 3161 935 3226 immo
970 3160 1070 3227 bestia
1103 3163 1148 3230 sio
1182 3163 1314 3246 loquens
1349 3165 1382 3228 et
1422 3162 1470 3229 sio
1572 3179 1573 3222 3

269 3277 473 3362 properanter
505 3273 632 3357 foriens,
665 3273 765 3338 David
798 3273 882 3339 fideli
915 3277 946 3338 et
978 3273 1107 3358 pacifico
1139 3274 1299 3340 Salomoni
1339 3273 1467 3360 regibus
1572 3291 1573 3326 ὴ

269 3385 427 3473 legitimis,
445 3383 570 3469 rogitus
593 3385 631 3451 de
653 3382 736 3449 tribu
758 3385 851 3465 Juda,
872 3403 941 3450 sese
962 3387 1101 3452 oonlerre
1116 3389 1171 3451 aut
1194 3385 1288 3452 etiam
1310 3385 1468 3470 praeferre

271 3499 455 3565 contendit?
478 3497 593 3581 Atille,
615 3500 757 3566 videlieet
768 3497 867 3565 fidelis
880 3498 990 3579 Dauid,
1002 3498 1079 3566 nulli
1103 3500 1271 3583 quiequam
1293 3498 1397 3582 rapuit
1412 3517 1471 3566 neo

270 3609 309 3676 de
334 3609 451 3696 rapinis
477 3611 607 3677 domum
628 3611 747 3677 nomini
761 3611 888 3676 Domini
910 3610 1068 3678 aedificari
1088 3611 1227 3678 instituit
1260 3612 1315 3678 sed
1348 3630 1469 3692 eooe,

272 3720 483 3806 egoinquit,
517 3721 1472 3809 iupaupertaoulameoparaviimpensas
1572 3735 1573 3772 2

272 3832 425 3897 domus
463 3833 662 3911 Domini,
707 3831 806 3908 auri
843 3832 1025 3898 talenta
1062 3837 1241 3899 eentum
1278 3833 1472 3900 miliaet

272 3944 457 4028 argenti
487 3943 786 4023 millemilia,
820 3943 1068 4010 aerisuero
1092 3943 1472 4010 etlorrinonest
1572 4009 1573 4024 ,

272 4054 468 4140 pondus,
502 4054 707 4121 vincitur
739 4055 853 4122 enim
886 4073 1098 4121 numerus
1128 4055 1471 4141 magnitudine,
1572 4041 1573 4070 i

271 4166 400 4252 ligna
436 4169 479 4232 et
513 4167 693 4252 lapides
736 4165 1014 4252 praeparavi
1050 4167 1099 4232 ad
1136 4167 1355 4234 universa
1389 4165 1472 4230 im·
1572 4221 1573 4256 ,

272 4277 476 4364 pendia.¹)
499 4276 586 4345 Haeo
608 4279 713 4346 dicens
734 4277 829 4345 etiam
851 4277 936 4345 dedit
959 4276 1117 4345 Salomoni
1138 4277 1201 4344 filio
1230 4295 1287 4344 suo
1308 4275 1472 4362 descripti-
1572 4279 1573 4352 l

378 4543 397 4616 ι)
415 4545 502 4600 Paral.
521 4544 566 4602 22.
586 4543 631 4600 14.
