3168 5190
251 383 314 450 226

249 572 411 639 sequere
430 571 495 618 me.
512 551 536 630 ¹)
581 550 642 618 Por
664 551 857 618 fortitudinis
879 569 954 619 snae
976 552 1183 619 constantiam
1215 571 1272 622 uos
1295 556 1336 621 ad
1358 576 1452 642 spem

248 665 331 732 vitae
352 669 500 750 provocat
522 665 643 734 dloens:
667 663 883 745 confidite,
916 683 988 750 ego
1013 664 1093 732 uici
1114 665 1349 749 mundum;¹)
1371 665 1452 732 item

249 777 380 846 nolite
402 778 545 845 timere
567 797 646 859 eos,
669 777 739 863 qui
761 775 953 843 occidunt
975 775 1156 864 corpus⁸)
1178 779 1330 863 etpost
1351 774 1453 843 haee

247 908 326 957 uon
346 887 500 957 habeut
521 889 699 975 amplius
719 889 817 976 quod
832 886 1001 991 faciant.
1045 947 1048 954 .

702 1255 812 1324 Gap.
831 1255 997 1311 xan

248 1377 328 1446 'ires
350 1378 408 1446 luas
430 1364 569 1446 uirtutes
592 1378 627 1446 in
648 1378 752 1466 primo
766 1379 895 1448 homine
909 1375 1120 1447 tentamentis
1135 1373 1258 1446 diaboli
1272 1391 1450 1444 consumas

805 1507 885 1557 osso.

347 1673 392 1740 At
413 1674 446 1740 hi
466 1674 564 1742 fortas
586 1678 650 1741 tres
671 1677 703 1742 in
726 1675 849 1745 Christo
871 1676 994 1761 magnis
1015 1673 1131 1742 diaboli
1151 1673 1314 1742 conatibus
1333 1674 1452 1742 tentati

246 1791 329 1866 sunt,
352 1788 379 1854 si
401 1787 482 1854 forte
503 1804 522 1850 a
545 1787 739 1852 constantiae
761 1805 835 1854 suae
856 1786 967 1854 robore
989 1786 1167 1872 potuissent
1183 1785 1289 1867 everti,
1312 1785 1395 1852 sicut
1416 1788 1450 1851 et

246 1899 279 1966 in
298 1900 398 1983 primo
432 1898 556 1966 homine
589 1898 713 1963 medem
746 1899 877 1966 virtutes
900 1917 1024 1967 euersae
1046 1901 1130 1966 snut.
1174 1898 1212 1964 In
1232 1896 1286 1962 illo
1309 1913 1446 1980 namque

246 2009 437 2095 frugalitatis
459 2009 605 2077 honestas
618 2009 644 2096 ἒ)
668 2012 797 2091 tentata,
821 2028 898 2094 quae
920 2009 1107 2076 moralitatis
1128 2007 1254 2075 initium
1276 2011 1307 2072 et
1322 2024 1449 2072 conser-

246 2121 328 2187 vatio
351 2126 408 2200 uat,
441 2140 498 2206 por
519 2122 611 2205 gulae
632 2120 809 2188 illecebram
834 2119 1006 2200 succubuit,
1041 2120 1164 2205 quando
1186 2118 1369 2185 interdictae
1390 2135 1442 2184 ar-

245 2230 329 2298 boris
350 2250 479 2316 pomum
501 2233 645 2300 comedit.
680 2233 828 2299 Veritatis
849 2233 882 2297 in
904 2251 939 2299 eo
962 2231 1096 2311 dilectio,
1120 2231 1152 2296 iu
1175 2247 1235 2315 qua
1249 2226 1274 2312 5)
1295 2228 1444 2312 physicae

245 2359 368 2408 summa
383 2343 537 2425 consistit,
559 2337 771 2430 prosperatafl)
794 2348 843 2410 est
858 2345 980 2428 quando
995 2361 1057 2408 non
1072 2342 1174 2408 solnm
1195 2340 1277 2407 bona
1292 2341 1347 2407 sed
1360 2341 1444 2406 mala

246 2471 322 2519 vanc
354 2454 432 2520 scire
460 2457 643 2539 concupivit.
688 2457 779 2523 Vitae
801 2474 922 2540 quoqne
954 2455 987 2521 in
1020 2472 1056 2520 oo
1087 2452 1280 2537 perpetuitas
1313 2450 1443 2531 interiit,

245 2566 366 2650 quando
389 2566 470 2632 ritae
491 2568 611 2633 auctori
633 2566 761 2634 subesse
776 2566 946 2648 fastidiens,
970 2566 1081 2631 similis
1097 2583 1165 2631 esse
1179 2565 1256 2644 Deo,
1280 2563 1333 2647 qui
1350 2582 1444 2648 snper
1579 2565 1580 2573 ’

245 2696 351 2745 omnes
373 2680 430 2758 est,
453 2679 485 2743 ot
508 2679 635 2762 quasia
656 2678 823 2763 semetipso
845 2678 947 2744 vivers
969 2678 1085 2758 uoluit,
1107 2679 1188 2745 unde
1209 2680 1343 2744 mortem
1365 2677 1444 2744 vidit

244 2791 389 2874 deceptus
421 2790 454 2854 in
488 2789 631 2856 omnibus
664 2790 713 2856 his
746 2790 848 2857 verbis
887 2787 1004 2854 diaboli
1037 2789 1186 2856 dicentisx
1224 2789 1377 2856 comedite
1409 2792 1442 2855 et

244 2900 366 2967 eritis
390 2901 491 2967 sicut
514 2900 570 2965 dii
595 2899 783 2967 scientos
806 2901 947 2966 bonum
970 2903 1010 2966 et
1031 2899 1214 2987 malum)
1248 2901 1293 2968 At
1315 2919 1386 2967 vero
1409 2900 1442 2966 in

243 3013 378 3080 Domino
400 3013 478 3079 Jesu
499 3011 556 3076 has
579 3012 675 3077 everti
698 3013 828 3078 uirtutes
850 3010 1045 3098 impossibile
1066 3011 1135 3093 fuit,
1171 3013 1247 3098 quin
1268 3014 1382 3096 potius,
1406 3017 1442 3080 ut

242 3125 330 3189 norit
362 3121 531 3190 christiana
563 3121 650 3201 fides,
682 3122 797 3188 totiens
829 3122 870 3189 ab
901 3124 971 3210 ipso
1004 3129 1037 3188 in
1067 3123 1183 3191 eisdem
1216 3123 1440 3192 tentationibus

243 3234 384 3301 diabolus
407 3235 544 3298 tentator
566 3236 732 3319 superatus
750 3235 891 3318 quotiens
906 3235 974 3320 ipss
988 3235 1126 3319 primum
1141 3237 1258 3304 uicerat
1271 3236 1440 3302 hominem.

243 3344 395 3412 Dominus
429 3361 562 3427 namque
585 3344 634 3410 uia
656 3362 779 3411 morum
810 3344 900 3412 uobis
922 3346 955 3412 in
976 3345 1102 3414 homine
1134 3348 1234 3415 iactus
1258 3352 1290 3415 et
1311 3346 1442 3432 frugali·

245 3457 330 3537 tatis,
347 3473 427 3540 quae
441 3474 565 3522 morum
578 3455 814 3522 tundamentum
830 3461 887 3537 est,
904 3463 1009 3524 custos
1024 3478 1207 3542 permanens
1222 3457 1356 3525 tentanti
1366 3455 1392 3542 8)
1408 3475 1442 3522 ss

245 3569 282 3634 de
304 3569 395 3652 gulae
416 3564 560 3634 illecebra
583 3565 706 3634 diabolo
729 3569 890 3654 respoudit
911 3569 1036 3636 dicens:
1063 3569 1150 3636 Non
1172 3570 1211 3635 in
1234 3572 1315 3636 solo
1338 3586 1441 3655 pane

244 3676 485 3744 uivithomo
519 3679 587 3744 sed
617 3678 655 3742 in
689 3679 945 3760 omniverbo,
981 3680 1081 3764 quod
1101 3681 1288 3764 procedit
1310 3681 1354 3746 de
1377 3699 1441 3746 ore

243 3785 352 3871 Deli)
374 3787 458 3854 Item
479 3787 592 3854 ueritas
613 3789 679 3871 ipse
700 3793 732 3854 et
754 3790 892 3856 ueritatis
915 3793 1039 3857 amator
1061 3789 1207 3856 vanitatis
1226 3791 1439 3877 appetentiam

244 3897 387 3964 suadenti
408 3895 530 3963 diabolo
551 3899 727 3983 respondit:
772 3901 857 3968 Non
879 3901 1057 3969 tentabis
1077 3903 1293 3969 Dominum
1315 3902 1440 3970 Deum

245 4015 363 4080 tuum.
379 4013 416 4093 10)

346 4272 366 4343 ¹)
384 4275 466 4327 Math.
487 4272 530 4328 19.
552 4273 594 4326 21.
622 4301 653 4312 -
687 4272 706 4342 ¹)
725 4275 795 4328 Joau.
823 4275 865 4331 16.
892 4277 936 4333 33.
964 4307 996 4317 -
1026 4277 1047 4348 ³)
1071 4279 1133 4333 Luc.
1160 4280 1204 4334 12.
1228 4280 1254 4335 4.
1280 4309 1313 4322 -
1334 4280 1355 4351 ⁴)
1383 4282 1439 4339 cod.

243 4375 420 4428 bononica-
448 4369 470 4442 ὅ)
489 4371 544 4425 cod.
558 4388 642 4438 quam.
669 4401 700 4412 -
722 4372 742 4442 ⁰)
762 4379 798 4426 sie
819 4376 873 4429 cool.
900 4405 934 4416 -
963 4375 984 4446 τ)
1003 4393 1060 4443 gon.
1074 4378 1099 4432 3.
1113 4378 1139 4434 5.
1161 4409 1193 4420 ·-
1227 4377 1248 4448 ⁸)
1265 4379 1320 4434 cod.
1342 4385 1439 4434 tentati.

246 4470 268 4540 ⁹)
286 4473 368 4526 Math.
382 4471 407 4526 4.
423 4473 447 4527 4.
463 4501 496 4511 -
519 4468 549 4538 ¹⁰)
567 4473 650 4525 Math.
670 4472 697 4526 4.
717 4473 742 4526 7.
