3158 5212
469 1304 738 1421 Liber
773 1304 824 1421 1.

562 1527 674 1594 Gap.
694 1529 729 1580 1.

174 1677 226 1746 An
249 1696 306 1745 res
329 1694 410 1764 qnae
433 1676 603 1764 quaeritur
625 1676 913 1764 investigationem
935 1676 1115 1747 admittat?

142 1873 188 2006 ᾖε
210 1911 452 1995 investigatione
474 1911 650 1978 antichristi
672 1911 776 1976 divina
808 1909 931 1978 favente
964 1913 1129 1980 clementia
1150 1914 1247 1999 scrip·

71 2012 118 2075 loro
136 2014 165 2080 id
186 2016 268 2080 mihi
300 2015 401 2098 primo
424 2014 704 2100 investigandum)
739 2016 870 2096 videtur,
904 2019 1085 2082 utrumnam
1107 2018 1175 2102 ipsa
1197 2039 1246 2086 res

47 2213 48 2216 Ἴ
70 2119 319 2209 investigationem
342 2126 498 2192 admittat.
522 2126 605 2190 Nam
628 2125 655 2192 si
678 2144 723 2205 ea,
746 2144 825 2208 quae
847 2127 885 2190 de
907 2127 1084 2193 antichristi
1109 2129 1245 2194 adventu

67 2231 161 2312 publica
176 2239 264 2302 tenet
280 2236 393 2320 opinio,
418 2241 612 2302 constantem
628 2237 809 2322 haberent²)
832 2238 996 2303 re1·itatem
1019 2241 1051 2304 et
1074 2241 1246 2323 scripturae

44 2349 163 2430 ¹sanctae
194 2347 374 2414 indubitata
397 2350 586 2416 anctoritate
609 2349 757 2416 subnixae
788 2353 870 2428 sunt,
904 2353 1012 2414 nostra
1045 2349 1244 2434 investigatio

43 2454 141 2523 wlocum
172 2480 238 2526 non
271 2458 375 2526 hebet.
421 2459 582 2542 Siquidem
615 2459 671 2526 ubi
703 2464 827 2528 constat
863 2461 978 2526 veritas
1009 2462 1041 2525 et
1073 2461 1246 2544 scripturae

42 2572 162 2652 punctae
184 2574 310 2638 certum
344 2571 418 2654 qnid
440 2571 607 2637 manifesta
639 2573 804 2637 confirmat
825 2572 1015 2651 auctoritas,
1048 2573 1134 2637 aliud
1168 2573 1246 2638 velle

61 2675 227 2768 investigare
250 2685 383 2749 stultum
403 2687 487 2748 esset
509 2685 604 2765 atque
625 2682 767 2766 impium.
815 2683 988 2748 Videndum
1010 2681 1108 2766 igitur
1130 2682 1244 2770 quibus

60 2787 188 2860 innibtur
203 2793 418 2860 fundamentis
442 2794 550 2858 eadem
566 2794 604 2858 de
618 2793 795 2860 antichristi
816 2796 949 2858 adventu
975 2793 1077 2876 opinio
1100 2793 1245 2859 videlicet

60 2905 122 2982 quod
143 2907 181 2972 de
204 2905 292 2971 tribu
325 2906 395 2970 Dan
416 2904 604 2984 nasciturus,
641 2906 723 2988 quod
745 2905 783 2970 de
805 2905 978 2985 Babilonia,
1018 2903 1243 2972 Chaldaeorum

58 3017 214 3101 metropoli,
248 3019 407 3095 venturus,
443 3015 525 3098 qnod
556 3015 732 3097 intemplo
756 3015 815 3079 Dei
848 3015 1056 3099 Jorosolpmis
1091 3034 1244 3096 sessurus,

58 3129 121 3206 quod
151 3131 233 3195 duos
267 3129 364 3191 testes
387 3125 494 3190 Enoch
517 3129 548 3190 et
570 3125 695 3190 Heliam
727 3124 760 3189 in
794 3127 934 3208 personis
964 3127 1118 3191 materiali
1140 3127 1244 3210 gladio

57 3239 197 3306 occisurus
221 3239 351 3320 dicitur,
387 3238 469 3321 quod
499 3240 564 3300 tres
586 3256 677 3320 reges
699 3235 893 3320 Aethiopiae,
927 3236 1043 3319 Lybiae
1066 3240 1097 3302 et
1119 3235 1245 3301 Africae

56 3355 241 3432 superaturus
265 3351 390 3434 etpost
411 3347 506 3412 trium
541 3365 695 3412 annorum
717 3350 748 3412 et
770 3346 891 3411 dimidii
914 3366 1046 3432 regnum
1067 3365 1086 3411 a
1108 3347 1244 3412 Domino

54 3455 272 3528 hbrficiendus
295 3459 484 3544 perhibetur.

549 3748 660 3816 Gap.
679 3749 737 3802 11.

102 3898 147 3967 lle
169 3915 218 3984 eo,
242 3899 325 3986 quod
347 3899 387 3967 de
409 3899 499 3967 tribu
520 3900 591 3966 Dan
613 3898 827 3966 antichristus
850 3896 972 3964 dicitnr
993 3896 1190 3964 nascituros.

139 4089 180 4154 Et
201 4087 303 4172 primo
326 4088 407 4172 qnod
431 4088 469 4152 de
491 4087 575 4152 tribu
599 4087 668 4152 Dan
690 4085 868 4152 nasciturus
891 4084 1015 4165 dicitur,
1037 4103 1099 4149 non
1121 4084 1245 4149 aliunde

51 4191 107 4261 iere
126 4197 346 4264 auctoritatem
368 4196 483 4263 habere
505 4196 646 4278 aestimo,
680 4196 741 4261 nisi
763 4197 845 4280 quod
868 4197 976 4262 eedem
999 4195 1101 4260 tribus
1120 4195 1190 4260 Dan
1211 4194 1244 4259 in

51 4339 290 4352 ᾖ...-

144 4416 163 4486 ¹)
181 4417 238 4470 cod.
258 4415 444 4481 vestigandum.

142 4516 162 4586 ¹)
182 4515 240 4570 sod.
259 4513 375 4568 haberet.
