3172 5202
225 406 287 471 146

223 576 281 644 tibi
303 574 406 642 vuum
429 577 487 655 est,
511 576 546 639 ut
567 592 648 640 nova
670 573 911 640 christianorum
933 573 1101 642 homicidia
1115 573 1274 641 veteribus
1288 570 1425 650 adderes,

222 689 284 755 nisi
306 691 342 755 ut
363 687 426 753 ista
447 685 587 752 iaciendo
610 704 791 752 mensuram
813 687 938 769 patmm
962 690 1088 752 tuorum
1111 685 1318 771 semiplenam
1342 682 1428 752 curi·

224 801 398 868 stianorum
420 801 570 887 sanguine
592 799 759 885 impleres!
798 797 865 864 Ant
887 818 948 883 quo
972 816 1030 865 usa
1052 797 1227 865 consiliario
1250 815 1295 877 cs,
1330 796 1367 859 nt
1398 793 1431 860 id

224 912 352 992 faceres,
391 915 428 978 ut
460 914 584 977 tantum
617 909 803 996 sangninem
836 912 902 974 tam
939 908 992 973 vili
1016 908 1162 974 venderes
1197 905 1336 994 (pretio),
1370 907 1430 972 nisi

223 1023 364 1104 avaritia,
388 1041 450 1108 qna
472 1023 622 1089 suadente
643 1022 744 1090 Judas
778 1039 903 1105 quoque
924 1018 958 1084 in
980 1022 1012 1085 te
1034 1018 1176 1084 omniurn
1197 1021 1342 1085 nostrum
1364 1019 1430 1084 Do-

225 1135 346 1203 minum
367 1153 405 1200 ac
426 1134 615 1220 magistrum
637 1133 768 1220 triginta
789 1129 928 1198 vendidit
948 1129 1130 1216 argenteis?
1168 1130 1209 1196 Et
1231 1129 1284 1196 ille
1306 1130 1431 1216 quidem

225 1247 381 1334 argenteis
413 1246 446 1312 in
479 1248 614 1331 pretium
641 1244 721 1330 justi
743 1243 904 1330 sanguinis
927 1241 1062 1326 acceptis
1084 1259 1161 1307 usus
1183 1260 1245 1307 non
1267 1245 1325 1323 est,
1356 1243 1432 1326 quin

226 1359 333 1446 potins
356 1375 409 1425 eos
432 1356 465 1423 in
488 1357 704 1424 testimenium
719 1375 794 1424 suae
807 1358 965 1444 nequitiae
979 1357 1013 1422 in
1027 1357 1144 1441 templo
1159 1356 1291 1442 projecit
1305 1359 1429 1426 dicens:

224 1469 388 1556 peccavi
421 1469 583 1536 tradens
617 1470 848 1556 sangninem
864 1467 1073 1555 jnstnm¹);
1106 1473 1143 1535 tn
1164 1487 1237 1536 vero
1260 1488 1316 1555 spe
1337 1488 1431 1555 pecn-

225 1583 294 1650 niae
315 1583 512 1668 accipiendae
544 1582 707 1650 innumera
731 1581 980 1650 Christianorum
1012 1583 1099 1650 milia
1120 1582 1153 1647 in
1176 1584 1311 1648 mortem
1332 1583 1432 1648 addu-

226 1693 299 1760 xisti
321 1697 353 1760 et
375 1694 456 1760 tanti
489 1693 648 1779 sanguinis
682 1693 820 1779 pretium
842 1711 862 1758 a
882 1694 1085 1762 Damascenis
1119 1695 1284 1778 acceptum
1304 1693 1434 1779 insuper

224 1804 401 1890 possedisti.
423 1806 469 1871 At
489 1805 678 1888 ubicumque
700 1807 748 1872 est
769 1805 851 1890 apud
874 1807 905 1874 te
926 1823 1039 1873 aurum
1059 1804 1136 1872 iliud
1158 1806 1223 1872 sive
1246 1822 1378 1889 cuprum
1400 1805 1433 1870 in

228 1915 361 1982 cameris
384 1916 558 2001 repositum
580 1917 629 1984 vel
642 1916 675 1983 in
691 1916 769 1983 ollas
784 1917 891 1984 fusum
904 1917 935 1984 in
952 1918 1168 1986 testimoninm
1190 1921 1240 1985 est
1261 1921 1370 1986 contra
1391 1921 1432 1983 te.

665 2307 776 2376 Gap.
795 2304 1001 2363 Lxxm.

274 2429 320 2499 lte
342 2429 499 2499 scissione
522 2428 632 2498 domus
654 2428 826 2519 hospitatis
846 2447 867 2498 a
888 2429 1083 2499 Patrinrcha
1103 2427 1388 2515 Jercsctyuiauc.

330 2617 466 2704 Propter
487 2616 547 2684 hec
568 2635 704 2702 namque
726 2618 792 2685 Deo
832 2618 927 2684 etiam
959 2617 992 2683 in
1024 2617 1180 2702 praesenti
1206 2616 1367 2701 judicante
1399 2618 1432 2684 in

230 2729 333 2797 medio
367 2729 414 2796 tui
436 2732 543 2815 patres
575 2729 741 2796 comedunt
772 2728 854 2796 filios
877 2731 909 2795 et
930 2728 987 2795 filii
1020 2729 1188 2795 comedunt
1216 2732 1322 2814 patres
1356 2750 1432 2797 snos

231 2842 313 2908 sicut
333 2841 366 2907 in
387 2841 442 2906 illa
475 2840 686 2906 contentione·
705 2839 966 2925 hospitaleusium
988 2838 1190 2906 manifestum
1213 2843 1271 2921 est,
1305 2839 1339 2905 in
1372 2858 1434 2924 qna

232 2951 314 3018 maie
345 2953 506 3035 acceptam
539 2950 681 3035 maleque
714 2953 870 3016 servatam
902 2951 1064 3035 pecuniam
1093 2951 1187 3018 iidem
1209 2950 1434 3035 hospitalenses

232 3062 314 3127 male
335 3059 537 3126 nihilominus
561 3059 745 3140 effuderunt,
779 3059 855 3124 dum
877 3059 1049 3144 spiritalem
1070 3059 1161 3127 iilum
1183 3061 1332 3146 spiritalis
1354 3062 1436 3129 filia·

232 3171 327 3239 tionis
349 3174 382 3237 et
402 3169 601 3257 paternitatis
633 3169 715 3236 inter
748 3190 782 3236 se
804 3173 836 3236 et
856 3170 1069 3255 patriarcham
1102 3191 1196 3238 snum
1228 3176 1434 3255 contractum,

234 3283 286 3369 qui
318 3281 518 3348 inconvulsus
556 3278 695 3364 abusque
732 3279 928 3365 temporibus
965 3284 1179 3366 apostolorum
1211 3286 1435 3368 permanserat,

233 3395 296 3483 ipsi
318 3397 426 3462 eadem
449 3396 514 3462 sive
530 3394 592 3460 alia
607 3395 688 3460 male
705 3397 828 3460 servata
843 3393 892 3460 vel
907 3397 1035 3478 accepta
1057 3395 1189 3480 pecnnia
1210 3395 1315 3479 inique
1336 3394 1437 3462 eiinsa

233 3507 451 3588 dissolverunt,
485 3505 606 3590 sibique
639 3509 748 3572 contra
780 3507 905 3590 patrem
939 3526 1030 3573 snum
1052 3507 1248 3592 spiritualem
1268 3511 1437 3594 perpetuas

235 3616 414 3685 inimicitias
436 3619 468 3682 et
489 3616 522 3681 in
544 3617 663 3681 malum
680 3615 905 3707 aemulationes
921 3620 1109 3692 coemerunt.
1132 3618 1222 3701 Quod
1237 3621 1269 3684 et
1283 3617 1311 3683 si
1325 3618 1437 3684 domus

234 3729 289 3795 illa
309 3727 484 3813 hospitam,
507 3727 663 3793 modernis
686 3729 794 3812 utpote
807 3727 954 3794 instituta
970 3726 1173 3812 temporibus,
1188 3718 1337 3815 'abusque
1358 3730 1440 3794 tem·

236 3838 366 3926 poribus
388 3837 603 3923 apostolorum
624 3823 687 3904 iren
709 3838 778 3920 fnit,
817 3840 903 3905 nulla
936 3843 1041 3905 tamen
1064 3840 1175 3905 domus
1196 3838 1281 3904 illius
1303 3837 1439 3905 civitatis

237 3948 277 4015 ab
299 3949 422 4016 exordio
446 3949 677 4018 Christianismi
690 3948 715 4036 2)
738 3953 859 4036 praeter
881 3948 961 4015 hanc
982 3950 1020 4015 de
1042 3946 1216 4016 obedientia
1240 3948 1323 4016 iliius
1352 3949 1439 4018 urbis

237 4059 378 4146 episcopi
410 4080 447 4128 ac
469 4061 664 4146 patriarchae
697 4063 841 4147 exempta
863 4077 1012 4145 umquam
1033 4059 1165 4128 inveniri
1185 4060 1311 4145 poterit.
1356 4061 1441 4144 Quo·

238 4173 331 4239 modo
365 4191 438 4258 ergo
471 4175 619 4258 poterunt
650 4177 751 4241 mater
780 4173 834 4239 illa
856 4173 888 4238 et
909 4173 1000 4257 pater
1021 4170 1220 4256 ierosolyma
1240 4169 1440 4238 ecclesiarum

342 4387 361 4458 1)
379 4387 462 4442 Maon.
481 4386 525 4443 27.
543 4387 569 4442 4.

341 4483 362 4556 ¹³)
380 4485 437 4542 cod.
456 4487 671 4543 christianissimi.
