3168 5214
248 396 314 464 316

248 571 431 636 numerandi
462 573 555 655 atque
576 571 645 636 ideo
667 570 795 636 rationis
818 574 850 636 et
871 571 1075 638 ratiocinandi
1109 575 1269 656 compotes
1291 571 1394 639 iactae
1416 575 1453 640 in

248 682 297 747 his
319 672 438 748 artibus
458 699 603 747 numeros
626 681 864 746 fundamentum
885 682 1071 750 habentibus
1095 687 1126 749 et
1148 705 1205 769 per
1218 704 1365 752 numeros
1381 685 1453 752 dis·

247 793 356 876 positis
379 795 550 859 voluntarie
573 795 782 876 demorantur,
805 797 941 878 dumque
963 794 1041 860 aliae
1058 814 1092 860 se
1106 795 1139 860 in
1153 797 1229 862 artis
1247 796 1450 862 mechanicae

247 894 409 988 disciplina
429 904 555 988 insuper
577 908 609 970 et
629 907 821 990 agricolandi
847 927 907 972 usu
928 905 1065 990 graviter
1087 909 1119 971 st
1139 907 1273 974 libenter
1295 910 1451 990 exercent,

249 1035 328 1100 quae
350 1020 382 1082 et
403 1017 490 1100 ipsae
510 1021 593 1083 artes
616 1036 678 1082 uon
700 1017 818 1102 absque
850 1036 1051 1084 numerorum
1073 1017 1193 1082 rationo
1215 1035 1251 1083 ao
1271 1019 1450 1103 ponderum

247 1128 353 1212 vigore
374 1131 573 1212 peraguntur,
596 1129 744 1196 nimirum
766 1130 936 1196 minoribus
952 1128 1139 1214 ponderibus
1158 1130 1197 1194 ad
1212 1129 1367 1212 majorum
1381 1128 1450 1194 vim
1512 1116 1516 1121 ’

248 1235 426 1302 cedentibus
461 1238 547 1320 quasi
576 1238 609 1302 in
642 1256 698 1302 suo
732 1239 884 1304 elemento
907 1241 939 1304 et
959 1239 1027 1303 loco
1061 1241 1146 1305 velut
1178 1239 1279 1323 pisces
1301 1241 1335 1304 in
1356 1240 1447 1323 aquis

245 1348 379 1413 naturali
412 1349 547 1430 pondere
568 1366 605 1414 ac
625 1351 715 1414 motu
747 1350 950 1414 diversantur.
995 1349 1150 1414 Mundum
1184 1349 1266 1416 enim
1295 1350 1447 1416 nimirum

246 1477 445 1524 numerorum
476 1459 594 1525 ratione
627 1461 837 1544 compositum
859 1478 896 1526 ac
918 1461 1104 1544 dispositum
1131 1460 1260 1526 tradidit
1288 1458 1446 1526 Dominus

246 1571 447 1654 disputationi
479 1570 658 1654 hominum,
692 1572 781 1636 utin
803 1573 870 1656 ipso
901 1591 963 1636 non
997 1573 1100 1637 solum
1133 1571 1286 1655 corporali
1307 1590 1368 1636 usu
1391 1571 1447 1638 sed

245 1684 339 1748 etiam
360 1683 488 1749 rationis
511 1683 655 1748 exercitio
675 1684 877 1764 diversantur,
903 1685 956 1749 sed
979 1702 1041 1748 non
1062 1682 1102 1747 ad
1123 1682 1191 1763 hoc,
1212 1685 1250 1747 ut
1269 1683 1353 1746 ineo
1370 1699 1447 1746 suae

244 1793 444 1876 requietionis
466 1793 561 1860 finem
581 1795 782 1874 constituant,
806 1794 860 1859 sed
883 1797 918 1858 ut
941 1812 976 1858 ex
998 1792 1146 1858 beneficio
1169 1792 1282 1858 collato
1304 1791 1445 1856 muneris

243 1906 402 2001 auctorem
424 1905 526 1969 Deum
558 1908 756 1988 cognoscant,
791 1907 975 1969 venerentur
996 1905 1027 1967 et
1049 1903 1203 1988 diligant,
1238 1903 1325 1985 Quae
1346 1901 1446 1984 igitur

243 2015 364 2080 animae
396 2014 501 2099 ipsum
533 2035 591 2101 per
623 2015 717 2082 fidem
750 2021 782 2081 et
815 2019 1079 2082 sacramentorum
1112 2017 1179 2101 ejus
1211 2014 1446 2100 perceptionem

243 2129 467 2209 cognoscentes
507 2127 677 2192 secundnm
715 2125 782 2210 ejus
820 2127 922 2211 legem
958 2121 1138 2194 naturalem
1161 2129 1211 2193 vel
1233 2127 1384 2210 scriptam
1405 2125 1446 2190 ad

241 2236 394 2301 honorem
434 2237 500 2321 ejus
537 2238 747 2321 proximorum
780 2237 970 2303 utilitatibus
1005 2240 1036 2304 et
1068 2235 1306 2302 necessitatibus
1340 2237 1446 2304 doser-

242 2347 331 2412 viunt
364 2351 396 2412 et
427 2348 460 2412 in
492 2351 634 2413 consorte
670 2351 800 2414 naturae
834 2349 873 2414 ad
906 2349 1076 2433 imaginem
1108 2349 1167 2415 Dei
1204 2347 1305 2414 factae
1336 2351 1448 2414 aucto·

241 2477 308 2525 rem
339 2458 485 2544 imaginis
519 2461 725 2539 venerantur,
759 2462 795 2524 ut
828 2460 955 2524 tandem
979 2460 1021 2525 ad
1045 2458 1211 2524 videndam
1237 2457 1304 2543 ejus
1330 2457 1446 2524 faciem

240 2571 366 2654 plenam
388 2571 561 2655 gratiarum
582 2570 777 2656 pertingant:
811 2569 843 2634 hi
866 2568 943 2636 beno
965 2570 1060 2635 activi
1082 2573 1156 2635 sunt
1177 2572 1210 2634 et
1230 2587 1288 2654 pro
1312 2568 1443 2636 intenti·

242 2698 300 2745 one
320 2698 356 2745 ac
379 2699 435 2766 spe
457 2699 514 2746 sua
547 2684 633 2747 velut
655 2684 790 2766 quodam
812 2701 868 2747 suo
904 2683 956 2748 sed
987 2681 1137 2748 divinitus
1160 2682 1273 2746 collato
1307 2681 1446 2765 pondere

241 2793 340 2859 saltus
375 2811 467 2876 snper
499 2811 596 2877 aquas
630 2794 719 2879 quasi
740 2794 848 2859 mundi
870 2794 971 2877 pisces
994 2791 1122 2858 iaciunt.
1165 2792 1225 2875 Qui
1246 2810 1320 2858 vero
1347 2791 1445 2857 etiam

241 2902 369 2968 consilio
391 2904 532 2969 veritatis
554 2903 587 2968 in
610 2917 700 2969 carne
721 2904 902 2989 apparentis
931 2906 1055 2986 recepto
1078 2903 1194 2968 mundo
1216 2902 1346 2986 ejusque
1368 2920 1446 2968 aon·

241 3014 438 3097 cupiscentiis
472 3014 683 3080 renuntiantes
717 3015 811 3080 verbo
835 3015 894 3080 Dei
926 3031 962 3079 ao
996 3013 1167 3079 divinitatis
1201 3014 1299 3080 cultui
1333 3031 1445 3080 vacare

245 3124 425 3208 delegerunt
454 3125 488 3190 hi
519 3129 604 3193 velut
636 3126 770 3191 mundae
802 3142 874 3190 aves
904 3143 940 3192 ac
963 3125 1097 3207 pondere
1129 3125 1259 3192 leviores
1281 3128 1388 3192 locum
1409 3126 1445 3193 in

241 3237 326 3301 coelo
350 3254 443 3320 super
465 3253 563 3320 aquas
586 3237 690 3302 sortiti
717 3239 800 3302 sunt.

693 3521 805 3589 Gap.
824 3519 990 3575 rexm.

566 3646 611 3714 Ι)ο
633 3645 739 3714 tribus
761 3645 860 3713 coelis
883 3643 1111 3714 consideratio.

339 3811 380 3876 Et
399 3812 472 3894 quia
496 3811 633 3895 eorporis
656 3809 804 3874 dominici
824 3811 857 3874 in
879 3810 1000 3875 coelum
1022 3807 1180 3893 assumpti
1194 3807 1324 3892 jamque
1348 3811 1443 3897 spiri·

241 3921 335 3987 tualis
354 3920 429 3985 facti
450 3923 537 3986 locus
560 3920 729 4005 quaeritur,
762 3921 843 4004 quod
865 3921 972 4004 utique
994 3921 1077 3985 infra
1098 3921 1226 3986 tertium
1247 3923 1370 3988 coelum
1392 3943 1444 3990 re·

245 4031 399 4098 mansisse
421 4034 606 4098 credendum
628 4051 690 4097 non
713 4035 770 4115 est,
793 4033 831 4098 de
852 4030 952 4098 tribus
974 4030 1025 4096 bic
1047 4031 1150 4112 coelis,
1171 4031 1356 4116 inquorum
1379 4038 1445 4100 ter·

238 4143 317 4208 tium
351 4162 385 4208 so
416 4146 542 4227 raptum
575 4143 650 4208 dicit
682 4143 854 4227 apostolus
889 4143 1005 4227 aliquid
1039 4140 1129 4208 nobis
1163 4143 1326 4210 dicendum
1360 4146 1440 4212 ratio

234 4253 381 4336 suggerit.
419 4256 528 4335 Itaque
550 4254 777 4318 mundanarum
799 4255 831 4317 et
852 4252 1022 4319 visibilium
1044 4273 1149 4321 rerum
1173 4255 1238 4321 sive
1260 4273 1315 4339 per
1338 4257 1431 4340 quiu-

234 4382 293 4447 que
315 4383 424 4430 sensus
446 4362 528 4429 iacta
549 4363 720 4430 recordatio
743 4362 808 4452 sive
829 4382 884 4447 per
905 4364 1159 4448 imaginationem
1180 4366 1214 4430 in
1234 4366 1339 4433 anima
1355 4367 1440 4451 vigi·

235 4475 328 4546 lautis
351 4476 416 4542 sive
437 4476 619 4542 dormientis
641 4474 724 4542 facta
740 4475 910 4542 recordatio
928 4496 982 4543 seu
998 4477 1035 4542 de
1050 4477 1221 4544 visibilium
1242 4475 1440 4546 naturalibus
