3168 5214
242 363 305 427 366

242 533 306 600 suis
325 532 451 618 judiciis
472 535 581 598 contra
603 529 762 597 diabolum
785 533 817 597 et
839 549 912 596 suos
935 533 1000 596 tras
1023 530 1119 594 fortes
1142 530 1269 596 inuenta
1293 531 1353 608 est,
1368 528 1458 593 sicut

243 645 275 710 in
298 646 347 710 bis
371 645 408 708 de
431 641 545 726 quuibus
568 641 810 728 praelibavimus
833 641 934 706 tribus
953 639 1078 723 judiciis
1103 640 1305 706 manifestum
1327 643 1384 706 est.

756 929 868 997 cap.
888 931 940 984 V.

403 1103 484 1170 Item
506 1103 574 1171 alia
596 1101 815 1171 consideratio
833 1098 1032 1190 judiciorum
1054 1120 1081 1169 a.
1104 1100 1289 1170 Trinitatis.

347 1241 439 1324 Quod
460 1241 493 1306 in
515 1241 626 1307 ceteris
650 1259 772 1325 quoque
790 1239 918 1324 judiciis
942 1240 1008 1305 suis
1032 1244 1140 1306 contra
1162 1241 1325 1326 superbos,
1349 1241 1456 1307 ourio-

246 1371 299 1420 sos
322 1358 354 1418 et
375 1354 621 1438 intemperantes
644 1353 831 1452 Trinitatem
853 1353 956 1418 Deum
978 1352 1152 1418 declarasse
1175 1352 1266 1418 facile
1289 1355 1338 1418 est
1360 1370 1458 1437 prae-

247 1463 363 1530 videre.
408 1465 489 1530 Hinc
523 1465 607 1529 enirn
641 1463 790 1549 Aegyptii
820 1463 955 1547 superbi,
985 1462 1105 1528 Pharao
1139 1467 1171 1528 et
1200 1463 1352 1529 exercitus
1385 1464 1457 1547 eJus

248 1573 280 1638 in
319 1571 461 1640 curribus
497 1577 528 1638 et
564 1573 651 1658 equis
684 1573 854 1657 gloriantes
886 1571 919 1637 in
952 1573 1031 1637 mari
1061 1573 1155 1639 rubro
1190 1573 1347 1640 submersi
1379 1582 1458 1642 sunt

249 1684 413 1769 majestate
436 1684 540 1750 divina
563 1683 741 1768 superbiam
764 1683 999 1768 praecipitante.
1041 1683 1124 1750 Hinc
1140 1685 1346 1752 israeliticum
1377 1707 1459 1771 quo·

250 1815 310 1881 qua
331 1815 462 1881 regnum
483 1815 538 1880 per
560 1797 637 1860 duos
660 1795 776 1861 vituios
798 1812 909 1862 aureos
937 1813 956 1860 a
987 1796 1079 1860 domo
1109 1796 1210 1861 David
1249 1798 1383 1864 scissum
1423 1798 1459 1863 in
1551 1876 1552 1886 ἵ

250 1912 362 1996 typum
384 1909 529 1975 uidelicet
552 1908 778 1974 haereticorum
802 1928 835 1974 sc
857 1907 896 1973 ab
919 1908 1012 1974 unius
1036 1909 1183 1974 ecclesiae
1216 1908 1278 1974 fide
1311 1909 1460 1975 scinden-
1552 1964 1553 1976 2

250 2021 331 2086 tium
367 2039 422 2104 per
444 2019 585 2086 aureolos
623 2038 752 2086 suorum
792 2019 1015 2104 figmentorum
1053 2019 1170 2086 vitulos
1212 2019 1364 2103 sapientia
1399 2021 1460 2086 Dei
1553 2052 1554 2064 2

253 2132 354 2196 decies
376 2131 408 2195 in
432 2131 616 2214 semetipsos
639 2131 738 2196 scindi
757 2129 840 2211 fecit,
864 2133 947 2216 quod
977 2153 1032 2216 per
1068 2134 1175 2198 decem
1214 2151 1336 2216 quoque
1371 2133 1461 2216 pallii

249 2242 419 2309 Jeroboam
444 2243 597 2307 scissuras
620 2242 869 2327 praefiguratum
892 2242 963 2324 fuit,
987 2243 1109 2309 dicente
1138 2243 1184 2308 illi
1207 2243 1361 2328 propheta
1374 2242 1460 2309 Abia
1555 2228 1556 2254 ³

251 2352 391 2432 Silouite,
414 2357 450 2417 ot
487 2354 610 2418 tolleret
646 2352 705 2418 sibi
743 2354 850 2419 decem
873 2355 1036 2434 scissuras,
1075 2354 1262 2437 tandemque
1291 2355 1384 2421 nullis
1423 2376 1461 2421 ex

250 2464 378 2549 regibus
401 2466 499 2530 Israel
521 2482 539 2529 a
561 2465 695 2548 peccatis
718 2463 889 2532 Jeroboam
913 2463 1126 2531 recedentibus
1149 2465 1244 2529 etiam
1281 2485 1358 2550 gens
1391 2470 1461 2531 tota
1558 2494 1559 2500 ¹

252 2579 326 2660 post
349 2595 401 2640 eos
439 2574 595 2642 fornicans
632 2577 664 2640 in
701 2575 850 2660 Assyrios
885 2577 1008 2659 captiva
1042 2577 1174 2640 deducta
1211 2578 1269 2656 est,
1306 2577 1462 2661 sapientia

253 2687 401 2752 nimirum
445 2687 501 2751 Dei
537 2687 570 2751 iu
614 2687 785 2752 haereticos
823 2688 1009 2767 vindicante,
1048 2687 1131 2752 sicut
1165 2687 1314 2770 majestas
1351 2689 1462 2754 contra

254 2798 449 2863 Pharaonem
472 2798 567 2862 simul
589 2803 621 2862 et
643 2801 752 2863 contra
775 2798 976 2866 chananaeos
1000 2800 1125 2863 sanctas
1163 2798 1247 2864 illius
1283 2801 1384 2865 terrae
1413 2799 1463 2864 in·

253 2909 446 2974 habitatores
480 2909 620 2973 crudeles
654 2919 685 2973 ct
719 2910 831 2993 impios
864 2906 1069 2991 judicaverat,
1101 2929 1179 2993 quos
1203 2909 1277 2993 quia
1307 2910 1462 2976 Dominus

256 3021 350 3086 Pater
373 3019 532 3084 exlrorruit
554 3025 663 3085 saneta
686 3039 738 3085 eos
762 3023 844 3085 terra
868 3020 1018 3099 euomuit,
1041 3023 1073 3084 et
1096 3018 1179 3084 sicut
1200 3020 1352 3104 sapientia
1379 3021 1464 3106 judi·

257 3136 346 3196 cante
368 3151 499 3216 regnum
523 3133 620 3197 Israel
639 3132 671 3197 in
694 3138 805 3217 typum
828 3132 1056 3198 haereticorum
1084 3148 1102 3194 a
1136 3131 1229 3195 domo
1264 3129 1368 3198 Dauid
1405 3153 1463 3217 per

257 3243 371 3309 vitulos
409 3263 518 3309 aureos
542 3245 675 3309 scissum
697 3248 769 3326 post
792 3245 897 3308 dacem
922 3241 1097 3321 scissiones
1122 3261 1200 3326 quas
1225 3243 1256 3306 in
1295 3243 1463 3327 semetipso

258 3355 419 3433 sustinuit,
446 3354 571 3439 regibus
596 3355 738 3419 videlicet
766 3373 873 3419 eorum
907 3354 1020 3419 totiens
1059 3352 1168 3418 occisis
1207 3357 1239 3418 ct
1273 3351 1463 3420 occisoribus

257 3467 397 3549 ipsorum
421 3485 478 3552 pro
502 3466 546 3532 eis
569 3465 771 3548 regnantibus
794 3467 827 3529 in
849 3464 997 3549 Assyrios
1022 3482 1093 3528 oum
1115 3467 1208 3548 gente
1231 3483 1288 3529 sua
1309 3463 1461 3530 abductus

259 3582 328 3643 est:
350 3579 395 3643 ita
417 3580 643 3660 consequenter
665 3577 765 3642 sancti
788 3578 919 3660 Spiritus
942 3577 1034 3642 liccat
1055 3576 1210 3660 assignari
1228 3575 1357 3660 judicio,
1382 3577 1464 3661 quod

258 3680 435 3754 Jerusalem
458 3707 613 3754 unacum
637 3690 752 3773 templo
775 3689 839 3773 igni
874 3707 1023 3754 succensa
1053 3689 1174 3755 iudaea
1206 3688 1237 3753 in
1272 3685 1465 3772 Babylonem

261 3800 393 3865 deducta
423 3803 480 3867 ost.
525 3799 592 3866 Nec
625 3801 739 3866 mirum
763 3799 918 3885 judicium
955 3801 1088 3865 istorum
1121 3819 1176 3884 per
1207 3798 1312 3883 ignem
1345 3799 1465 3866 factum

256 3909 375 3993 judicio
400 3910 608 3977 Sodomorum
643 3931 698 3995 pro
732 3914 821 3995 parte
850 3932 918 3977 esse
951 3910 1121 3992 consimile,
1156 3911 1309 3995 siquidem
1341 3912 1373 3975 et
1405 3909 1465 3993 ipsi

261 4022 464 4106 paulominus
487 4039 506 4086 a
527 4023 696 4088 Sodomitis
718 4023 858 4109 corrupti
880 4021 1020 4088 moribus
1044 4023 1218 4089 extiterant.
1264 4021 1366 4104 Quam
1399 4041 1467 4088 cor·

262 4132 439 4217 ruptionem
462 4153 569 4199 eorum
592 4139 686 4219 atque
707 4136 869 4201 lasciviam
892 4135 1021 4219 spiritus
1044 4133 1244 4218 propheticus
1273 4152 1329 4218 per
1366 4133 1465 4200 Amos

263 4244 368 4327 arguit
391 4245 511 4311 dicens:
536 4243 617 4311 Vae
640 4247 701 4329 qui
724 4247 908 4332 opulenti
930 4246 1030 4313 estis
1065 4247 1103 4312 in
1132 4244 1256 4327 Sion¹)
1289 4245 1458 4331 paucisque

265 4389 514 4397 .-----—.—-———

371 4431 390 4481 'l
410 4436 486 4485 Amos
509 4437 533 4487 a.
556 4435 580 4488 1.
601 4437 647 4488 3.'
