3172 5202
650 683 760 753 cap.
778 651 1073 740 mxxxvm.

301 805 347 875 lle
369 823 467 876 cansa
488 803 760 896 llouodalensium
783 809 817 877 et
838 808 980 877 avaritia
1001 823 1040 876 ac
1062 807 1150 877 fastu
1164 807 1421 894 Romanorum.²)

361 995 462 1064 (lausa
484 1000 551 1064 arat
572 998 685 1064 domno
703 997 771 1082 jam
794 999 894 1066 dictae
928 998 1075 1065 ecelesiae
1096 997 1292 1084 patriarchae
1313 997 1468 1064 adversus

259 1107 371 1174 fratres
394 1107 433 1174 de
455 1108 601 1196 hospitali
622 1128 680 1196 pro
704 1129 778 1194 qua,
813 1111 888 1175 dum
910 1110 938 1176 ei
960 1109 1207 1176 satisfactionem
1228 1109 1324 1176 iidem
1346 1108 1466 1174 tratres

259 1220 414 1302 offerrent,
446 1221 577 1288 domnus
611 1221 795 1306 patriarcha,
828 1224 921 1304 prout
953 1220 1030 1304 ipsis
1064 1220 1166 1286 visum
1200 1225 1256 1302 est,
1291 1220 1405 1286 nimius
1429 1220 1465 1285 in

258 1349 352 1397 eausa
373 1333 496 1419 propria
518 1336 641 1399 exactor
663 1332 791 1399 erst'tit.
827 1332 917 1398 Unda
939 1332 978 1397 ad
995 1331 1064 1415 jam
1085 1333 1204 1398 dictum
1227 1350 1344 1418 papam
1366 1330 1466 1398 Adri-

258 1461 353 1509 anum
377 1444 567 1528 appellatum
590 1449 621 1511 et
644 1448 770 1510 ventum
794 1447 851 1512 est.
882 1446 1027 1530 Dumque
1048 1463 1142 1512 causa
1162 1447 1365 1528 utrorumque
1387 1461 1465 1527 cog·

257 1554 323 1620 nita
341 1555 429 1639 juste
452 1556 534 1640 quod
553 1554 677 1640 justum
699 1555 781 1620 inter
795 1556 978 1639 episcopum
1000 1559 1032 1621 et
1054 1554 1227 1638 subjectam
1249 1553 1309 1619 sibi
1331 1555 1463 1621 domum

252 1666 387 1751 judicari
420 1665 578 1733 debuisset
610 1668 775 1734 intervenit
812 1667 943 1750 pecunie
979 1666 1248 1752 hospitalensium‚
1285 1683 1363 1750 quaa
1396 1666 1462 1732 illis

256 1778 356 1843 multa
378 1777 510 1844 vacabat
541 1779 636 1864 idque
669 1781 738 1864 plus
774 1797 869 1863 quam
889 1776 992 1846 tribus
1029 1778 1156 1846 milibus
1190 1796 1368 1844 marearum
1389 1779 1463 1862 puri

255 1890 378 1975 argenti
401 1890 601 1971 factumest,
624 1892 660 1956 ut
682 1892 789 1957 eadem
812 1892 922 1956 domus
946 1891 985 1956 de
1000 1889 1058 1956 sub
1074 1888 1249 1956 obedientia
1262 1889 1462 1976 patriarchae

255 2002 426 2082 tolleretur,
449 2003 564 2068 nemini
586 2003 753 2086 quicquam
774 2001 966 2092 obedientiae
988 2001 1049 2066 nisi
1071 2001 1212 2067 Romano
1235 2000 1350 2068 debens
1373 2002 1460 2066 Pon·

256 2113 341 2180 tifici.
384 2114 425 2178 ut
446 2113 492 2180 sic
513 2114 660 2198 iniquitas
682 2133 739 2198 per
759 2113 925 2198 pecuniam
957 2111 1066 2178 viatrix
1089 2112 1209 2177 exstitit
1229 2115 1262 2177 et
1282 2111 1462 2196 patriarcha

256 2223 483 2292 dimembratae
505 2243 542 2291 ao
565 2224 672 2292 dolens
695 2226 735 2290 ad
757 2242 823 2305 sua,
846 2224 901 2290 sed
916 2223 983 2307 jam
1006 2241 1068 2289 non
1091 2240 1157 2304 sua,
1180 2223 1339 2290 remoavit.
1373 2223 1462 2290 Hoc·

256 2337 323 2402 cine
338 2339 386 2402 est
401 2337 528 2402 unicum
549 2337 672 2420 asylum
694 2354 730 2404 ac
752 2336 862 2402 civitas
883 2334 1038 2421 refugiis)
1062 2354 1121 2420 quo
1144 2353 1162 2401 a
1187 2338 1253 2402 toto
1278 2335 1352 2402 orbe
1373 2335 1463 2402 refu-

256 2450 403 2534 giendum
426 2451 457 2514 et
479 2449 697 2534 appellandum
731 2448 782 2530 sit,
818 2447 872 2512 ubi
906 2449 1054 2533 iniquitas
1088 2448 1252 2516 victoriam
1285 2450 1317 2512 et
1334 2447 1462 2532 justitia

256 2559 489 2648 oppressionem
522 2559 666 2626 invenit?
710 2559 868 2626 Haeccine
900 2565 949 2626 est
971 2561 1083 2626 umbra
1105 2561 1192 2626 Petri
1228 2559 1287 2626 sub
1310 2577 1370 2644 qua
1392 2578 1458 2625 non

255 2673 371 2739 infirmi
394 2672 559 2739 sanitatem
582 2671 736 2756 recipiunt
767 2671 821 2737 sed
844 2671 911 2736 sani
933 2671 1090 2750 venientes
1112 2675 1274 2757 aegrotare
1293 2670 1460 2756 incipiunt,

254 2785 351 2850 imme
375 2802 447 2851 vero
471 2787 502 2849 et
523 2787 658 2851 mortam
679 2784 863 2849 incurrunt?
885 2781 939 2847 An
959 2800 1031 2849 varo
1054 2802 1138 2850 mons
1161 2785 1332 2850 multarum
1346 2781 1373 2866 ³)
1394 2801 1460 2846 nnn

256 2899 303 2962 est
326 2899 467 2963 sanctam
499 2896 673 2962 Romanam
706 2893 869 2960 eeclesiam
902 2894 1101 2960 ecclesiarum
1136 2898 1269 2961 matrem
1303 2895 1461 2962 novercali

256 3007 325 3075 edio
348 3011 476 3094 propter
498 3007 645 3074 avaritiae
667 3004 849 3071 detestabile
871 3007 990 3071 malum
1014 3005 1117 3072 odisse
1138 3007 1285 3091 incipere,
1307 3025 1344 3072 ex
1366 3004 1457 3091 cujus

255 3117 401 3184 uberibus
435 3117 529 3184 vitale
563 3120 721 3183 sumentes
745 3117 928 3183 alimentum
965 3136 1035 3185 eam
1057 3121 1219 3202 tamquam
1242 3118 1299 3184 filii
1320 3121 1459 3184 matram

255 3229 383 3314 diligere
406 3229 600 3296 debuerant?
643 3228 695 3294 An
716 3247 780 3294 non
802 3247 886 3294 mors
909 3231 1080 3296 multarum
1109 3233 1158 3296 est
1179 3230 1355 3296 animarum
1375 3231 1458 3296 inter

253 3342 408 3425 praelatos
431 3342 462 3406 et
485 3358 546 3420 eos,
578 3340 634 3424 qui
657 3339 789 3423 subjecti
812 3359 879 3406 esse
901 3340 1081 3421 debuerant,
1116 3340 1316 3425 impacabiles
1338 3341 1457 3408 saevire

256 3451 435 3532 discordias,
460 3451 614 3534 siquidem
636 3453 667 3515 et
690 3450 821 3535 subjecti
843 3452 939 3517 semel
961 3470 980 3516 a
1002 3451 1152 3517 Romanis
1174 3450 1380 3518 Pontificibus
1402 3469 1456 3518 ac·

255 3566 345 3648 cepta
378 3562 542 3628 resistendi
575 3563 704 3630 audacia
735 3567 968 3649 perseveranter
990 3564 1140 3632 cervicem
1173 3566 1279 3629 oontm
1313 3582 1387 3629 suos
1421 3583 1457 3628 er

254 3675 382 3760 antiqua
405 3674 597 3741 ordinatione
629 3676 785 3761 praelatos
816 3676 941 3760 erigunt
963 3679 994 3741 et
1016 3676 1111 3742 iidem
1131 3675 1262 3759 praelati
1284 3677 1387 3742 stante
1407 3676 1457 3760 ip·

254 3806 361 3854 sorum
383 3785 528 3871 superbia
560 3804 696 3870 suaeque
717 3787 922 3853 truncationis
946 3787 1131 3855 detrimento
1154 3791 1371 3873 perseverante
1393 3806 1455 3853 non

253 3898 344 3966 facile
365 3915 438 3964 suaa
460 3897 605 3964 laesionis
638 3898 785 3982 injuriam
808 3897 950 3965 oblivisci
972 3899 1140 3965 sinuntur?
1182 3898 1246 3965 Ubi
1266 3917 1349 3966 nuno
1370 3899 1455 3964 illias

253 4031 385 4098 magnus
408 4012 460 4078 ille
481 4009 634 4096 propheta
651 4010 719 4094 jam
742 4011 816 4076 olim
839 4011 1013 4096 premissus
1037 4028 1056 4075 a
1077 4010 1221 4092 Domino,
1245 4014 1281 4077 ut
1301 4009 1374 4077 huic
1395 4009 1456 4076 ini·

357 4225 375 4297 ¹)
395 4226 463 4282 conf.
483 4242 538 4293 cap.
559 4225 603 4279 73.
623 4230 647 4277 ot
666 4226 704 4276 De
723 4229 816 4292 qrrarta
836 4225 926 4291 vigilia
944 4226 1024 4276 rrectis
1045 4239 1099 4278 nro.
1119 4223 1163 4277 11.

355 4323 375 4394 ²)
392 4326 482 4378 Glossa
500 4324 667 4390 marginalis:
686 4324 745 4376 Hae
764 4327 821 4376 sunt
841 4338 934 4376 causae
953 4322 1125 4388 frequentium
1143 4323 1317 4378 visitationum
1329 4323 1454 4372 Romanae

396 4423 477 4478 urbis.

355 4519 377 4590 ⁸)
396 4523 496 4574 scilieet
513 4524 662 4578 evermerum.
