3158 5212
179 423 221 488 20

177 591 268 656 filia
290 591 514 676 Babylonis
544 590 733 676 misera,1)
755 592 832 658 item
854 594 885 657 ct
906 590 984 656 illud
1006 591 1088 674 quod
1110 588 1206 654 fronti
1239 589 1377 654 mulieris

180 720 273 784 super
309 701 442 767 bestiam
465 701 642 768 coccineam
676 705 811 770 sedentis
834 703 1019 786 inscriptum
1053 702 1086 767 in
1118 701 1296 785 apocalypsi
1320 719 1377 766 sua

178 809 314 876 Johanni
350 814 522 878 revelatum
554 819 603 880 cst
634 815 819 899 mysterium
856 813 1040 897 Babylon
1078 831 1213 896 magna
1251 816 1378 877 mater

176 922 522 1006 fornicationum)
556 929 588 990 et
618 926 887 992 abominationum
909 928 1020 1005 terrac,
1055 943 1137 1004 oum,
1170 924 1308 1008 inquam,
1342 925 1376 990 in

175 1033 233 1098 his*
248 1037 279 1098 et
300 1034 455 1100 similibus
489 1037 597 1101 mundi
629 1037 723 1120 hujus
746 1037 877 1103 confusa
899 1039 930 1101 ct
954 1035 1145 1101 confusionis
1178 1036 1269 1119 plena
1292 1037 1379 1120 cupi-

178 1146 260 1210 ditas
294 1146 393 1210 soleat
414 1147 524 1230 accipi,
555 1149 625 1232 quis
649 1148 858 1214 contradicere
888 1147 990 1230 possit
1021 1146 1116 1212 ctiam
1138 1146 1175 1210 16
1197 1147 1253 1211 tali
1273 1147 1380 1230 Baby·

175 1255 259 1322 lonia
291 1256 512 1322 antichristum
545 1262 758 1324 surrecturum
791 1278 868 1338 6666,
903 1261 939 1323 61
971 1276 1098 1323 necesse
1130 1276 1194 1322 non
1216 1258 1258 1322 ait
1279 1257 1377 1338 illam,

175 1385 254 1451 quae
264 1367 387 1452 proprie
398 1367 572 1452 Babylonia
587 1369 710 1450 dicitur,
726 1370 902 1454 intelligere
925 1369 1021 1434 ctiam
1043 1369 1070 1434 si
1091 1369 1132 1434 in¹
1146 1369 1190 1434 cis
1205 1369 1395 1453 scripturis.

176 1495 308 1560 quarum
340 1478 519 1545 auctoritati
554 1481 725 1547 cedendum
757 1487 822 1562 cst,
860 1482 922 1547 tale
956 1482 1031 1565 quid
1063 1479 1237 1546 manifestis
1274 1478 1376 1546 vorbis

173 1588 300 1668 dictum,
314 1591 397 1672 quod
417 1591 546 1656 minime
568 1590 711 1672 arbitror,
733 1591 947 1658 inveniretur?
969 1593 1011 1684 El
1030 1590 1090 1658 hoc
1112 1611 1168 1679 pro
1192 1610 1228 1657 66
1251 1592 1370 1658 dictum

175 1698 226 1778 sit,
261 1702 440 1766 utrumnam
476 1703 514 1766 (16
546 1700 720 1785 Babylonia
750 1702 806 1767 illa
840 1701 1066 1768 Chaldaeorum
1098 1703 1264 1786 metropoli
1296 1702 1378 1768 anti-

175 1811 328 1877 christum
348 1815 515 1878 venturum
536 1812 703 1878 aestimare
725 1817 876 1896 oporteat.

675 2200 785 2267 Cap.
804 2201 880 2256 1v.

328 2321 375 2391 Ile
398 2342 446 2409 66,
464 2322 547 2412 quod
569 2323 605 2392 in
627 2322 748 2412 templo
770 2323 831 2390 llei
851 2322 1043 2410 perhibetur
1065 2342 1223 2392 sessurus.

275 2509 350 2578 Jam
373 2513 512 2592 6111161,
536 2512 620 2596 quod
639 2511 803 2596 intemplo
827 2513 886 2578 Dei
909 2532 1051 2578 sessurus
1073 2511 1113 2577 ab
1132 2511 1284 2596 Apostolo
1306 2529 1377 2594 pcr-

175 2620 310 2702 hibotur‚
342 2623 513 2688 deducatur
534 2624 574 2688 ad
596 2624 744 2690 medinm.
787 2625 870 2690 Huic
893 2625 975 2690 enim
997 2623 1101 2703 verbo,
1133 2622 1281 2707 quoniam
1301 2640 1378 2706 apo·

176 2731 304 2798 stolicae
325 2734 521 2800 auctoritatis
552 2735 754 2801 fundamento
780 2734 806 2818 ³)
827 2735 949 2817 nititur,
979 2737 1130 2822 refragari
1157 2737 1205 2802 fas
1233 2755 1296 2801 non
1319 2740 1378 2804 est.

176 2843 256 2924 Quia
275 2861 348 2908 vero
368 2845 483 2928 templo
498 2845 557 2910 Dei
580 2845 752 2910 nominatio
773 2845 993 2929 aequivocatur
1015 2847 1055 2912 ad
1070 2848 1141 2927 duo,
1165 2849 1205 2913 ad
1224 2849 1378 2931 templum

176 2953 320 3021 videlicet
342 2957 556 3022 manufactum
580 2962 611 3023 ct
633 2959 673 3022 ad
695 2960 848 3042 templum
871 2957 1040 3042 spirituale,
1073 2959 1153 3041 quod
1177 2961 1225 3023 cst
1248 2958 1379 3024 ecclesia

176 3065 245 3146 Dei,
267 3068 349 3132 unde
367 3067 450 3132 idem
466 3069 627 3152 aposlolus
650 3069 854 3152 templum,
871 3069 982 3153 inquit,
999 3069 1071 3134 Dei
1094 3071 1275 3134 sanctum
1299 3072 1377 3148 est,

177 3177 278 3258 quod
311 3181 413 3242 estis
444 3197 512 3244 vos
543 3177 569 3260 4)
613 3184 645 3245 61
677 3198 717 3245 an
756 3181 944 3261 nescitis,
991 3181 1176 3263 quoniam
1208 3199 1378 3263 corpora

177 3290 306 3352 vestra
328 3291 520 3373 templum
544 3293 635 3354 sunt
661 3291 836 3373 spiritus
860 3293 1005 3371 sancti,
1029 3290 1377 3375 511616116161166116

178 3425 314 3494 quonam
331 3403 447 3486 templo
471 3401 590 3466 dictum
605 3402 836 3466 convenientius
854 3402 952 3484 accipi
973 3403 1082 3485 possit,
1106 3405 1160 3466 aut
1182 3403 1209 3466 si
1225 3404 1378 3468 sententia

176 3541 210 3588 sa
231 3517 345 3584 habeat
374 3513 543 3597 acqualiter
577 3512 616 3575 ad
638 3510 832 3591 utrumlibet,
856 3531 953 3577 unum
982 3532 1088 3578 eorum
1122 3533 1177 3596 pro
1218 3515 1375 3579 constanti

178 3629 336 3698 affirmare
358 3627 440 3690 forto
463 3623 615 3689 stultitiae
642 3625 812 3706 reputetur.
858 3624 898 3688 Et
919 3625 957 3688 (16
990 3625 1117 3708 templo,
1150 3626 1230 3709 qnod
1254 3626 1378 3706 dicitur,

177 3741 280 3825 aliquo
304 3735 492 3812 manufacto,
517 3734 600 3817 quod
620 3733 654 3797 in
676 3752 711 3798 66
727 3753 870 3799 sessurus
893 3735 935 3798 sit
950 3735 1152 3801 antichristus
1168 3737 1379 3802 contradicere

177 3869 240 3919 non
261 3848 382 3927 ausim,
415 3846 580 3911 ostendens
604 3866 637 3911 66
665 3845 697 3911 16
719 3866 755 3912 66
788 3850 949 3931 tamquam
978 3848 1020 3914 sit
1049 3850 1134 3930 deus,
1170 3850 1324 3933 quomodo
1347 3852 1379 3914 et

281 4139 299 4209 ι)
319 4141 361 4191 Ρ6.
381 4138 442 4192 136.
463 4136 489 4190 8.

280 4240 302 4306 ²)
321 4255 394 4304 apoc.
415 4235 458 4292 17.
477 4234 504 4290 5.

278 4339 299 4401 ³)
320 4337 339 4391 2
358 4336 450 4389 Thess.
469 4334 495 4389 2.
514 4334 540 4388 4.

277 4433 419 4506 4)1.(]66,
440 4434 467 4490 3.
487 4434 530 4489 17.

279 4532 300 4612 ὁ)
317 4535 340 4593 Ι.
361 4533 417 4591 cor.
438 4534 463 4590 3.
485 4533 527 4592 16.
