3158 5212
1298 413 1340 479 69

131 599 236 648 masse
257 599 297 647 ne
318 581 450 668 imperio
481 581 598 667 regalia
620 582 804 648 remitteret.
851 583 955 668 Magis
978 601 1062 668 vero,
1086 581 1239 666 dicebant,
1262 601 1342 668 quae

131 695 228 760 semel
263 694 457 760 sanctificata
490 697 578 759 erant
600 694 735 778 domino,
763 710 782 758 a
811 697 990 760 sanctorum
1023 695 1140 760 ditione
1169 695 1337 762 abalienari

128 823 191 872 uon
209 825 315 890 posse,
330 807 451 872 dicente
463 823 585 889 quoque
596 805 665 890 lege
681 805 793 885 divina,
809 805 891 889 quod
914 806 941 871 ei
960 805 1030 888 quis
1053 806 1094 887 id,
1118 806 1200 890 quod
1225 807 1340 874 saucti-

130 917 262 983 ficatum
286 921 335 983 est
356 917 491 997 domino,
514 920 635 982 mutare
650 917 792 995 voluerit,
813 919 978 1001 utrumque
993 936 1061 983 esee
1072 917 1199 982 Domini
1221 918 1341 985 scilicet

127 1029 159 1094 id
182 1029 268 1112 quod
302 1031 460 1093 mutatum
493 1036 540 1092 est
562 1030 593 1094 et
617 1047 671 1112 pro
695 1046 756 1113 quo
790 1031 949 1093 mutatum
980 1030 1036 1094 est.
1084 1027 1145 1093 Pro
1167 1027 1244 1112 ipsis
1266 1047 1341 1096 sane

128 1139 289 1224 regalibus
311 1139 441 1223 imperio
464 1137 642 1204 fatebantur
666 1143 813 1204 consueta
835 1158 878 1220 se
891 1138 996 1204 debita
1018 1156 1240 1222 recognoscere
1261 1141 1341 1225 regi·

131 1269 191 1333 que
213 1249 331 1315 servire
362 1251 402 1314 ad
435 1248 646 1340 defensionem
680 1265 812 1313 coronae
834 1266 908 1315 suae
930 1253 1056 1338 paratos
1080 1269 1157 1332 esse,
1189 1253 1341 1334 quantum

130 1379 201 1426 cum
225 1361 406 1444 integritate
433 1343 471 1427 'et
495 1358 708 1425 obseruatione
743 1361 791 1424 sni
814 1358 908 1426 officii
931 1360 1083 1447 possibile
1104 1361 1195 1442 foret,
1229 1362 1338 1448 sicque

130 1491 164 1538 se
187 1471 315 1540 Caesari
347 1471 521 1537 reddituros
545 1491 621 1550 esse,
645 1488 725 1554 quae
748 1470 888 1537 Caesaris
911 1474 994 1553 111111,
1018 1476 1049 1538 11
1071 1473 1148 1554 Deo,
1181 1491 1259 1557 quae
1281 1475 1339 1540 Dei

130 1587 214 1648 sunt.
253 1583 443 1648 Utrumnam
474 1600 547 1648 vero
569 1603 626 1668 per
648 1582 787 1647 hominia
809 1587 841 1648 et
859 1582 1037 1666 juramenta
1059 1582 1184 1668 regibus
1207 1583 1340 1668 obligari

128 1694 161 1758 id
177 1691 390 1758 saecularibus
409 1693 563 1777 implicari
579 1694 621 1759 sit
638 1693 782 1778 negotiis,
806 1694 889 1777 quod
911 1694 943 1758 in
965 1695 1101 1779 apostoli
1123 1694 1213 1760 Pauli
1235 1692 1338 1760 verbis

127 1803 351 1888 reprehensum
366 1804 399 1868 in
410 1805 623 1871 sacerdotibus
647 1807 704 1884 est,
727 1805 789 1888 ipsi
803 1805 930 1870 Domini
948 1805 1124 1871 sacerdotes
1147 1808 1178 1886 et
1201 1803 1338 1888 episcopi

126 1916 272 1996 viderint,
293 1917 331 1981 de
353 1935 486 2000 quorum
508 1915 600 1982 factis
617 1916 758 1998 judicare
781 1935 874 1999 supra
895 1935 952 1982 nos
976 1920 1033 1983 est.
1068 1915 1208 1982 Possunt
1229 1919 1337 1981 autem

128 2028 228 2093 etiam
251 2028 297 2094 sic
319 2029 470 2112 implicati
491 2046 726 2112 nonnumquam
748 2032 873 2114 tempus
899 2028 1124 2094 advocandum
1145 2025 1337 2092 orationibus

127 2143 159 2205 et
180 2139 368 2206 lectionibus
391 2140 530 2225 pecuniis
552 2140 713 2222 redimere,
750 2144 787 2206 ut
810 2140 951 2224 quamvis
973 2138 1135 2223 implicati,
1158 2138 1224 2204 fere
1245 2136 1335 2202 liberi

125 2251 202 2316 sint.
246 2251 363 2317 Utrum
385 2271 457 2319 vero
479 2253 574 2319 etiam
596 2251 668 2317 talis
690 2253 863 2338 implicatio
893 2254 925 2317 et
946 2252 1098 2337 regalium
1120 2248 1277 2336 possessio
1298 2266 1336 2316 ac

123 2382 182 2447 pro
216 2363 296 2448 ipsis
329 2364 442 2448 regalis
476 2363 594 2430 seruitii
624 2363 774 2446 obligatio
808 2363 947 2446 ejusdem
981 2362 1099 2428 seruitii
1130 2361 1262 2427 redditio
1286 2361 1335 2426 vel

124 2475 299 2558 redemptio
322 2476 485 2541 ecclesiam
506 2475 565 2541 Dei
591 2475 664 2561 plus
687 2476 770 2540 levet
792 2492 832 2539 an
851 2478 969 2560 gravat,
991 2475 1145 2541 Dominus
1168 2474 1280 2541 viderit
1303 2475 1334 2540 et

125 2588 253 2653 tandem
277 2586 424 2652 eeclesiae
446 2603 520 2652 suae
545 2589 670 2652 sanctae
693 2604 865 2672 congruam
883 2584 1061 2651 libertatern
1084 2583 1256 2669 prouocat.

598 2977 708 3044 Gap.
729 2975 870 3030 XXX.

417 3099 464 3166 De
486 3099 814 3167 excommunicatione
836 3097 982 3165 Heinrici
1004 3097 1042 3165 V.

224 3285 357 3354 Interim
379 3286 545 3352 Heinricue
570 3286 639 3370 jam
672 3285 774 3352 dictus
805 3287 973 3370 imperator
996 3285 1142 3351 ecclesiae
1164 3284 1223 3350 Dei
1245 3283 1325 3350 elec·

123 3400 224 3464 tiones
247 3401 280 3464 et
301 3397 502 3462 inuest'turas
525 3398 633 3463 nolens
659 3398 816 3463 dimittere
842 3397 1006 3482 magisque
1028 3415 1081 3462 oor
1103 3413 1196 3461 suum
1218 3394 1328 3460 adver-

124 3529 195 3576 sum
220 3507 371 3575 salutaria
397 3508 516 3572 monita
547 3508 695 3574 indurans
727 3506 923 3587 1111111111,
953 3507 1129 3573 Burdinum
1150 3505 1228 3588 dico,
1261 3507 1327 3572 sedi

123 3617 153 3684 b.
176 3618 266 3684 Petri
287 3617 535 3703 superintrusam
557 3618 723 3687 defendens
757 3638 793 3686 aa
815 3622 1019 3684 manutenens
1042 3622 1205 3703 tamquam
1227 3618 1326 3684 schis-

123 3730 258 3795 maticus
280 3730 313 3794 et
333 3729 482 3795 adversus
497 3730 669 3796 Dominum
683 3731 809 3798 rebeliis
823 3731 863 3796 ab
878 3730 1006 3796 ecclesie
1021 3730 1079 3796 Dei
1094 3750 1150 3816 per
1165 3729 1325 3797 Gelasium

123 3840 303 3906 Romanum
323 3839 510 3906 Pontificem
536 3843 709 3908 multorum
740 3845 773 3909 in
800 3841 946 3909 Remensi
971 3841 1098 3907 civitate
1126 3857 1326 3906 commanen-

124 3951 203 4016 tium
214 3949 432 4034 episcoporum
442 3952 682 4036 adstipulatione
695 3957 854 4038 separatus
867 3950 943 4037 est1)
952 3954 1057 4036 sicque
1068 3952 1109 4018 ab
1117 3953 1326 4038 utrisquedis-

124 4080 257 4128 cessum.
269 4060 315 4127 At
325 4062 490 4128 Heinrious
503 4071 665 4147 tamquam
677 4065 778 4131 bestia
791 4067 952 4133 vulnerata
964 4066 1083 4130 saevior
1098 4064 1236 4144 effeetus,
1249 4064 1324 4129 dum

227 4248 246 4318 ¹)
265 4251 451 4304 Praecedentia
470 4252 549 4305 verba
568 4253 629 4306 vide
648 4252 739 4309 Chion.
754 4253 903 4307 Roichersb.
923 4254 964 4306 ad.
983 4269 1006 4306 a.
1027 4252 1108 4308 1115.
1128 4253 1184 4305 Hoc
1203 4251 1324 4320 Gallixto,

268 4350 365 4403 Gelasii
383 4366 530 4404 successore
547 4351 644 4405 fectum
658 4368 713 4406 esse
725 4352 814 4405 refert:
832 4354 913 4404 Hesso
932 4355 1006 4406 tract.
1025 4352 1060 4404 de
1078 4353 1228 4404 tractatione
1247 4349 1324 4402 Pacis

266 4451 334 4500 inter
352 4446 493 4503 Gallixtum
512 4447 550 4505 11.
571 4456 596 4503 et
614 4451 719 4504 Heraia.
739 4450 771 4505 V.
793 4451 878 4516 deque
891 4447 1004 4504 Concilio
1017 4451 1143 4502 Remeusi.
1163 4450 1266 4502 Gretser
1275 4446 1322 4502 VI.

267 4563 293 4614 p.
313 4545 375 4604 554.
396 4549 509 4602 1111111111
530 4550 620 4604 Geseh.
641 4550 667 4602 d.
687 4550 811 4605 Hohenst.
831 4548 879 4604 Bd.
900 4547 922 4602 1.
942 4549 967 4603 S.
987 4548 1050 4602 311.
