3168 5214
238 376 301 442 318

239 551 271 614 et
291 548 323 612 in
345 547 523 630 paradisum
545 547 652 629 raptus
674 546 732 623 est,
766 541 901 609 archana
922 541 1025 621 verba,
1056 559 1135 625 qnae
1157 539 1284 620 audiuit,
1317 539 1451 606 homini

237 657 324 740 loqui
356 675 418 721 non
451 656 542 722 licere
576 654 630 734 ait,
666 653 733 736 quis
757 651 938 718 temerarius
963 652 1071 719 eodem
1093 653 1256 738 irrumpat,
1291 655 1335 732 ut,
1360 668 1453 734 quae

238 771 325 834 tanto
358 769 501 852 apostolo
534 783 717 833 eoncessum
750 763 836 847 loqui
858 783 920 830 non
943 767 991 830 est
1012 763 1089 849 ipse,
1121 762 1285 830 temerario
1308 779 1388 827 ausu
1408 762 1451 825 in

237 879 340 944 lucem
361 878 535 962 producat?
571 877 706 956 Etenim,
731 877 767 940 ut
788 873 833 938 ait
854 876 983 960 angelus
1007 877 1046 940 ad
1070 873 1211 957 Totum,
1234 879 1451 941 secretum

238 989 349 1074 rogis
372 991 503 1056 colare
524 989 760 1068 hanameel,
784 1005 910 1071 opera
927 989 1062 1052 autem
1076 985 1152 1053 Dei
1173 985 1450 1053 manifestare
1579 991 1580 1062 ξ

239 1100 525 1167 honorificum.
537 1099 561 1188 ¹)
604 1101 694 1184 Quod
717 1119 789 1166 vero
811 1117 873 1165 non
896 1100 1000 1165 solum
1021 1116 1135 1165 aroana
1158 1100 1213 1166 sed
1235 1098 1330 1165 otiam
1352 1099 1450 1165 omni

239 1209 374 1276 hnmano
399 1212 503 1278 sensui
525 1211 750 1278 inaccessibilia
772 1210 944 1277 divimtatis
966 1229 1003 1277 ac
1025 1210 1110 1277 tertii
1124 1210 1208 1276 illius
1224 1210 1302 1276 coeli
1317 1212 1448 1276 secreta

240 1321 304 1387 sint
336 1323 434 1388 Isaiae
472 1340 594 1406 quoqne
616 1323 705 1388 testis
726 1322 845 1388 accedit
867 1322 991 1389 dicens:
1038 1323 1191 1390 Oculus
1212 1341 1292 1390 non
1313 1320 1448 1402 vidit,

240 1435 336 1513 Deus,
359 1433 509 1517 absque
540 1437 593 1514 te,
629 1451 730 1518 qnae
761 1435 1026 1519 praeparasti
1059 1433 1326 1521 diligentibus
1360 1437 1447 1521 ια’)

241 1542 324 1609 Nam
347 1546 429 1628 quod
451 1546 576 1611 oculum
608 1564 663 1629 pro
696 1545 782 1610 omni
813 1546 949 1611 humano
986 1565 1081 1612 sensu
1112 1545 1267 1632 propheta
1299 1547 1448 1629 posuerit

241 1656 401 1738 apostolus
424 1656 514 1721 testis
537 1659 595 1736 est,
629 1657 711 1740 quod
742 1655 851 1721 eadem
873 1653 968 1722 verba
988 1657 1090 1724 Isaiae
1111 1658 1150 1724 de
1169 1673 1281 1742 graeca
1302 1658 1446 1723 transla-

240 1765 324 1831 tione
337 1769 461 1850 sumpta
472 1767 522 1832 vel
532 1770 615 1833 oerte
626 1765 791 1834 uerborum
803 1785 930 1833 sonsum
939 1768 1086 1853 epistolae
1100 1788 1176 1837 suae
1189 1768 1337 1848 inserens,
1354 1767 1444 1852 quod

242 1878 523 1962 oculus‚inquit‚
545 1897 619 1945 non
641 1877 1001 1964 viditnec⁸laurIs
1023 1881 1190 1962 audivit,
1214 1879 1346 1946 necin
1368 1897 1446 1945 cor

242 1987 413 2054 hominis
435 1989 637 2070 ascendit,
671 2007 768 2073 quae
790 1992 1050 2077 praeparavit
1070 1991 1181 2058 Deus
1214 1990 1444 2077 diligenti·

242 2097 313 2164 bus
337 2098 419 2186 se.⁴)
462 2099 587 2167 Nemo
621 2101 703 2166 enlm
734 2101 774 2166 in
806 2103 884 2169 illud
911 2105 1038 2188 tertium
1061 2106 1217 2171 coelum
1239 2102 1443 2182 ascendit,

242 2209 324 2275 sicut
344 2209 389 2274 ait
410 2211 574 2293 Dominus,
597 2213 678 2296 nisi
700 2213 766 2297 qui
790 2214 835 2279 de
857 2216 971 2281 coelo
994 2215 1205 2282 descendit
1227 2214 1349 2280 filins
1371 2212 1443 2280 ho·

242 2320 376 2402 minis,
400 2323 463 2406 qui
486 2325 607 2390 estin
630 2326 780 2411 coelo.⁶)
824 2327 905 2411 Quid
927 2329 1025 2412 ergo?
1048 2326 1209 2393 Silendum
1231 2325 1292 2391 erit
1312 2325 1442 2411 penitus

241 2448 281 2496 an
303 2431 420 2516 aliquid
451 2435 541 2502 nobis
574 2437 693 2522 opinari
716 2441 753 2506 de
775 2439 902 2506 secretis
938 2437 1124 2504 coelestibus
1157 2437 1240 2517 licet,
1276 2438 1358 2521 quod
1390 2439 1443 2504 vel

243 2544 411 2610 secundum
445 2547 615 2632 scripturas
635 2551 677 2616 sit
699 2554 747 2619 vel
770 2555 877 2618 contra
911 2569 1018 2617 aarum
1051 2547 1270 2615 auctoritatem
1291 2566 1353 2613 non
1375 2546 1445 2613 sit?

243 2653 375 2721 Dicente
408 2657 491 2722 enim
513 2659 647 2726 Domino
681 2663 787 2730 electis
821 2663 998 2749 discipulis:
1032 2678 1198 2744 regnum
1230 2659 1304 2726 Dei
1336 2661 1446 2725 intra

243 2784 308 2831 vos
332 2768 430 2852 est.)
452 2770 594 2856 Itemque
609 2773 729 2840 dicente
743 2776 892 2843 Domino:
916 2775 1068 2841 coelum
1092 2773 1189 2840 mihi
1211 2774 1323 2842 sedes
1341 2774 1445 2860 est')

243 2877 382 2961 aliasque
406 2879 559 2963 scriptura
580 2890 760 2951 assumente
782 2904 818 2952 ao
840 2888 975 2953 dicente:
998 2887 1177 2972 quoniam
1201 2888 1312 2953 sedes
1335 2887 1446 2970 sapi·

244 2992 374 3057 entiae
396 2993 457 3056 est
475 2991 603 3057 anima
619 2992 745 3078 justi,
768 2997 839 3064 inde
860 2999 1019 3083 colligitur
1041 3000 1124 3082 quod
1147 3000 1267 3064 coelum
1282 2999 1324 3066 sit
1338 2998 1446 3064 animo

239 3101 329 3185 justi.
352 3102 399 3166 De
421 3099 536 3167 talibus
560 3121 694 3190 namque
717 3109 810 3176 ooolis
831 3109 960 3176 dicItur:
1005 3110 1117 3177 Coeli
1139 3112 1330 3176 enarrant
1350 3110 1446 3194 glo·

244 3214 346 3278 riam
367 3213 476 3294 Dei.⁸)
494 3212 586 3279 Item.
602 3215 746 3286 Rorat'e
769 3220 879 3286 coeli
901 3221 1074 3304 desuper
1097 3223 1137 3286 et
1157 3219 1282 3288 nubes
1304 3222 1447 3306 pluant

240 3326 438 3413 justum.⁹)
471 3330 561 3397 Item.
595 3330 668 3413 Qui
701 3332 818 3398 sedes
852 3352 972 3416 super
1004 3332 1175 3398 thronos
1209 3330 1444 3416 adjudicas

245 3439 664 3527 aequitatem.¹⁰)1tem.
688 3443 758 3529 Qui
780 3444 890 3509 sodes
910 3463 1025 3529 super
1048 3443 1257 3512 Cherubim
1278 3441 1446 3508 manile·

245 3552 405 3638 stenen)
427 3554 503 3638 Quis
527 3554 607 3620 enim
629 3553 751 3620 dubitet
772 3554 858 3620 rivos
881 3557 913 3621 et
935 3556 1101 3621 rationales
1124 3574 1193 3622 esse
1215 3555 1318 3622 coelos
1339 3553 1445 3621 visam

245 3665 431 3752 sapientiam
453 3668 612 3750 gestantes
629 3670 661 3731 et
675 3669 852 3732 enarrantes
874 3666 1007 3750 gloriam
1029 3665 1116 3732 Dei?
1137 3667 1175 3733 In
1190 3665 1239 3732 his
1255 3685 1328 3752 orgo
1347 3665 1445 3733 coelis

246 3795 371 3844 sursum
394 3777 426 3844 in
448 3775 595 3861 angellus
626 3776 728 3845 choris
751 3780 783 3843 et
803 3778 836 3843 in
858 3778 987 3844 ecclesia
1015 3780 1194 3844 sanctorum
1215 3777 1362 3844 interris
1384 3777 1443 3843 ha-

245 3887 326 3953 bitat
345 3888 433 3954 Deus
467 3890 627 3972 tamquam
649 3889 819 3974 intemplo
842 3886 920 3969 Silo,
942 3907 1005 3955 non
1038 3891 1122 3974 quod
1157 3889 1224 3975 ipse
1246 3890 1361 3974 templo
1386 3889 1443 3955 sed

348 4150 368 4222 ¹)
386 4151 451 4208 Iob.
472 4152 516 4209 12.
534 4153 559 4209 7.
580 4184 615 4195 -
636 4151 657 4222 ¹)
674 4151 709 4209 Ie.
729 4150 773 4209 64.
792 4151 819 4208 4.
841 4181 874 4192 -
894 4150 916 4221 ³)
934 4154 1007 4207 deest
1024 4157 1052 4207 in
1071 4153 1226 4209 sodomis.
1246 4183 1280 4195 -
1300 4155 1321 4222 ⁴)
1341 4155 1362 4210 L
1382 4156 1444 4211 tior.

249 4251 275 4308 2.
293 4252 319 4308 9.
340 4279 373 4292 -
395 4255 414 4317 ⁶)
435 4253 508 4308 Ioan.
528 4254 554 4308 3.
574 4253 617 4309 13.
638 4280 674 4291 —
692 4251 714 4322 ο)
732 4254 795 4308 Luc.
816 4253 860 4309 17.
879 4252 926 4309 21.
941 4282 973 4294 -
997 4251 1070 4322 ⁷)1s.
1090 4252 1133 4310 60.
1155 4253 1181 4311 l.
1201 4282 1235 4293 -
1256 4249 1277 4322 ο)
1295 4253 1338 4308 Po.
1359 4253 1403 4308 18.
1418 4253 1443 4310 l.

250 4378 283 4391 -
304 4347 325 4418 ο)
343 4349 378 4405 Ic.
397 4349 441 4406 45.
461 4352 486 4406 8.
508 4380 541 4391 -
564 4352 594 4417 ιο)
613 4351 656 4406 Ps.
676 4351 701 4407 9.
721 4351 748 4408 5.
767 4352 822 4408 sed.
842 4369 862 4408 s.
883 4353 1001 4407 thronum
1021 4357 1046 4406 ct
1063 4352 1119 4419 jud.
1138 4353 1271 4417 justitiam.
1294 4381 1328 4393 -
1350 4349 1381 4420 ¹¹)
1399 4351 1444 4406 Pe.

248 4447 292 4505 aa.
312 4449 338 4504 2.
