3168 5190
262 370 328 436 270

261 559 322 604 non
343 541 512 625 incongruo
534 541 655 619 dicitur,
679 558 714 604 eo
737 539 879 604 uidelicet
902 539 1048 621 loquendi
1070 558 1130 603 usu
1153 558 1246 622 quem
1263 539 1483 608 Grammatici

258 652 484 735 metonymiam
506 653 623 730 dicunt,
663 669 722 733 quo
757 650 894 715 efficiens
928 668 986 734 pro
1021 651 1130 715 effecto
1167 650 1242 734 poni
1276 651 1357 715 solet
1379 652 1481 716 vele

260 780 418 829 converso.
440 762 564 826 Etenim
585 780 647 825 non
670 762 773 826 solum
795 761 1000 844 Evangelium
1024 780 1076 826 ore
1096 759 1213 826 Christi
1234 760 1371 843 gratioso
1398 778 1478 824 con-

259 872 362 936 ditum
384 875 448 951 est,
482 873 549 955 ipso
572 870 714 936 uidelicet
736 870 768 935 in
789 870 945 954 parabolis
978 872 1125 954 loquente
1147 887 1182 935 ac
1205 872 1336 936 docente
1359 869 1474 933 novis-

260 1003 319 1066 que
341 981 512 1066 praeceptis
535 985 639 1046 vetera
662 984 906 1060 consummante,
920 979 1040 1046 suturas
1064 999 1187 1064 quoque
1208 980 1370 1066 passiones
1395 997 1475 1045 suas

259 1098 290 1158 et
310 1095 443 1178 gloriam
478 1092 718 1176 subsequentem
747 1091 944 1176 praedicente
978 1094 1032 1157 sed
1055 1097 1086 1156 et
1108 1092 1259 1158 miracula
1282 1091 1377 1156 Verbi
1417 1092 1470 1156 sui

258 1205 387 1289 imperio
411 1207 557 1288 operante
579 1204 706 1288 insuper
728 1206 760 1268 et
780 1205 870 1267 vetus
885 1205 1110 1268 testamentum
1132 1203 1314 1287 peripsum
1336 1202 1370 1265 in
1392 1219 1473 1284 pro-

257 1316 358 1400 phetis
384 1318 564 1400 loquentem
587 1315 745 1379 conditum
768 1317 825 1394 est,
851 1315 1113 1397 quemadmodum
1134 1314 1233 1380 Isaias
1267 1315 1299 1378 in
1331 1330 1472 1395 persona

264 1428 330 1513 ejus
352 1429 490 1512 loquitur
512 1429 635 1493 dicens:
669 1427 761 1509 quia
782 1428 870 1511 ipse
893 1446 964 1512 ego
988 1428 1052 1510 qui
1075 1425 1272 1509 loquebar
1293 1443 1384 1490 ecce
1408 1424 1472 1488 ad-

259 1560 353 1604 sum.
367 1539 391 1624 ¹)
436 1538 538 1603 Aliter
570 1557 692 1621 quoque
725 1543 892 1623 utrumque
925 1543 1149 1605 testamentum
1183 1558 1218 1603 os
1241 1537 1359 1605 Christi
1380 1540 1470 1602 recte

258 1651 380 1730 dicitur,
394 1669 429 1714 eo
453 1652 536 1733 quod
548 1650 696 1734 quidquid
711 1652 882 1733 loquuntur
897 1653 930 1715 in
947 1651 1105 1718 Christum
1128 1649 1228 1714 tendit
1250 1650 1340 1733 eique
1364 1648 1470 1713 famu-

258 1762 350 1840 latur,
384 1762 465 1827 unde
487 1761 640 1844 scriptum
674 1765 724 1826 est
745 1763 783 1827 de
806 1761 927 1827 duobus
951 1760 1128 1841 Cherubim,
1164 1761 1309 1843 quoniam
1331 1760 1470 1825 inuicem

258 1892 292 1938 se
310 1871 518 1957 respiciebant
540 1872 638 1937 versis
661 1872 800 1938 uultibus
822 1873 855 1937 in
876 1872 1140 1957 propitiatorium.
1171 1872 1280 1953 ltaque
1302 1871 1364 1935 duo
1387 1870 1471 1936 haec

261 1985 448 2048 testamenta
482 1983 542 2046 duo
577 1983 685 2066 sponsi
717 1982 800 2047 labia
823 1987 898 2048 sunt
920 1985 957 2048 de
981 1982 1092 2067 quibus
1126 1983 1158 2045 in
1191 1981 1306 2046 amoris
1341 1981 1466 2046 cantico

257 2094 386 2158 dicitur:
421 2093 547 2158 habia
570 2093 672 2175 ejus,
696 2095 840 2160 videlieet
863 2095 985 2178 sponsi,
1016 2091 1232 2165 stillantia
1254 2091 1463 2174 myrrham

254 2205 467 2289 primam.²)
498 2205 594 2270 habia
616 2225 749 2290 namque
771 2207 847 2272 haec
870 2206 1029 2289 myrrham
1051 2206 1185 2291 primam
1207 2206 1363 2271 distillant
1385 2207 1463 2270 dum

255 2319 287 2380 et
307 2316 459 2381 incarnati
477 2316 572 2381 Verbi
594 2317 773 2400 passionem
797 2318 981 2383 denuntiant
1002 2321 1033 2382 et
1055 2338 1112 2382 nos
1136 2318 1335 2383 similitudini
1354 2318 1469 2383 mortis

254 2426 320 2509 ejus
344 2430 455 2494 docent
478 2432 681 2514 complantari
703 2431 816 2496 deberi.
840 2431 936 2495 habia
956 2431 1061 2514 itaque
1083 2431 1159 2494 haec
1181 2448 1279 2493 unum
1295 2449 1329 2494 os
1347 2429 1467 2497 Christi

256 2540 363 2623 sponsi
386 2542 533 2606 ecclcsiae
556 2543 736 2624 perficiunt,
771 2562 827 2627 per
851 2543 932 2625 quod
954 2543 1098 2606 voluntas
1123 2541 1188 2625 ejus
1212 2540 1393 2605 hominibus
1417 2540 1466 2604 in·

254 2651 397 2716 notescit.
420 2651 471 2717 Ab
493 2653 552 2718 hoc
575 2673 627 2718 ore
651 2653 763 2718 totiens
781 2653 887 2717 oscula
903 2651 1023 2718 Christi
1046 2654 1152 2738 sponsi
1176 2652 1364 2736 percipimus
1389 2670 1466 2734 quo·

255 2760 335 2827 tiens
360 2764 527 2828 eorundem
545 2767 806 2829 testamentorum
823 2763 1024 2828 meditatione
1047 2785 1101 2828 seu
1125 2743 1257 2830 lectione
1279 2764 1329 2828 vel
1351 2763 1465 2828 decan-

254 2873 371 2937 tatione
405 2872 541 2957 Spiritus
576 2875 677 2939 sancti
709 2875 944 2959 inspirationem
979 2874 1139 2940 haurimus
1169 2875 1259 2959 juxta
1294 2874 1462 2940 consilium

258 2983 393 3066 apostoli
426 2984 574 3048 dicentis:
616 2985 842 3068 Implemini
873 2986 1030 3070 Spiritu
1065 2991 1209 3052 sancto
1243 2988 1462 3068 loquentes

254 3092 573 3179 uobismetipsis
606 3094 646 3159 in
668 3097 841 3179 psalmis
866 3102 902 3163 et
925 3097 1082 3182 hymnis
1118 3102 1154 3164 et
1176 3097 1345 3164 canticis
1369 3115 1463 3162 can·

254 3211 386 3272 tantes
412 3213 449 3272 et
470 3210 696 3293 psallentes
726 3211 766 3275 in
788 3212 982 3277 cordibus
1001 3209 1149 3276 vestris
1172 3208 1375 3291 Domino.³)
1399 3205 1463 3273 Sed

254 3321 286 3384 et
307 3319 459 3404 propheta
493 3321 633 3385 EHsaens
667 3323 778 3387 adduci
801 3323 862 3388 sibi
884 3324 1006 3406 psalten
1041 3323 1199 3406 praecepit
1222 3341 1282 3404 qua
1304 3321 1459 3405 psallente

254 3430 397 3513 spiritum
419 3430 602 3516 prophetiae
625 3433 739 3498 hausit.
776 3435 859 3499 Dum
883 3435 964 3499 enim
987 3435 1094 3499 eadem
1114 3433 1293 3498 testimonia
1315 3431 1460 3496 testimo-

253 3543 436 3626 niorumque
470 3545 666 3609 concordiam
687 3546 719 3609 in
742 3546 803 3610 fide
825 3555 856 3609 et
878 3545 1042 3610 dilectione
1076 3543 1142 3627 ejus
1175 3543 1318 3608 videlicet
1351 3540 1458 3624 sponsi

253 3656 353 3719 nostri
377 3655 502 3733 Christi,
536 3655 586 3720 cui
618 3656 833 3722 testimonium
855 3655 1026 3738 perhibent,
1061 3655 1236 3733 recolimus,
1271 3653 1402 3738 abipso
1425 3651 1458 3715 in

252 3784 309 3829 nos
335 3766 463 3848 spiritus
486 3768 632 3848 procedet
649 3769 687 3831 de
709 3767 810 3831 medio
833 3767 965 3831 istorum
988 3764 1141 3830 labiorum
1163 3765 1359 3829 hauriendus.
1397 3763 1459 3846 Qui

252 3872 332 3938 hanc
353 3875 487 3958 gratiam
510 3879 652 3960 expertus
675 3879 724 3942 est
745 3877 832 3941 novit
854 3894 926 3941 vera
948 3896 1017 3941 esse
1039 3894 1117 3960 quae
1139 3877 1259 3958 loquor.
1283 3875 1343 3939 Sed
1367 3873 1453 3958 haec,

252 3987 289 4048 ut
303 3984 374 4064 dixi,
392 3987 563 4068 praesentis
580 3987 727 4053 ecclesiae
741 3988 904 4072 privilegia
920 3991 1002 4067 sunt,
1026 4005 1104 4070 quae
1121 3987 1281 4053 Christum
1304 4005 1454 4072 sponsum

253 4097 406 4179 appellare
429 4096 546 4177 didicit,
581 4103 719 4164 cetorum
741 4100 869 4182 antiqua
891 4098 1143 4165 Patriarcharum
1181 4099 1311 4164 eeclesia
1332 4101 1456 4184 patrem

252 4209 354 4274 Deum
376 4208 463 4274 nouit
485 4211 639 4292 appellare
662 4231 818 4296 sponsum,
833 4209 922 4294 cujus
945 4214 976 4275 et
998 4211 1060 4276 oris
1084 4209 1202 4294 accepit
1222 4211 1363 4275 osculnm
1378 4208 1457 4274 Ver-

356 4449 374 4520 ¹)
393 4451 427 4503 Ie.
442 4449 485 4504 52.
499 4451 523 4506 6.
538 4477 568 4485 -
582 4446 602 4517 ²)
616 4449 687 4504 cant.
701 4449 727 4505 5.
742 4450 785 4504 13.
796 4449 877 4514 vulg.
891 4449 949 4502 lilia
962 4449 1126 4501 distillantia.
1140 4475 1172 4486 -
1185 4446 1206 4517 ³)
1225 4448 1293 4515 Eph.
1310 4447 1336 4502 5.
1351 4447 1395 4502 18.
1411 4445 1453 4504 19.
