3172 5202
1124 384 1127 387 ”
1255 389 1316 460 129

121 566 249 632 ecclesia
282 564 423 648 generale
459 561 634 641 concilium,
673 562 708 626 in
742 579 801 645 quo
837 561 974 627 revelent
1011 562 1089 627 coeli
1123 561 1318 645 iniquitatem

121 675 221 742 Judae
244 691 281 738 ao
303 677 387 739 terra
408 673 557 739 adversus
580 673 832 756 eumoonsurgat
854 670 993 755 quisquis
1014 691 1030 735 e
1053 670 1173 737 duobus
1195 671 1248 738 ille
1269 675 1318 738 est

121 788 153 850 et
173 783 378 850 manifestum
400 785 456 850 fiat
477 786 644 871 peccatum
665 783 760 849 illius.
793 782 864 848 Non
886 781 988 848 solum
1010 799 1144 864 namque
1162 781 1247 848 Dens
1269 784 1319 848 vel

120 896 224 982 angeli
258 897 378 962 coelum
415 895 494 960 illud
526 915 594 960 esse
617 894 856 962 existimandum
879 896 942 973 est,
976 894 1027 958 cui
1048 893 1138 959 sedes
1160 892 1215 958 illa
1235 889 1319 957 beati

124 1007 210 1073 Petri
234 1005 345 1072 debeat
366 1005 587 1084 innocentiam,
611 1007 664 1071 sed
688 1008 720 1071 et
736 1007 914 1071 sanctornm
930 1003 1092 1070 hominum
1107 1000 1319 1088 spiritualium

120 1122 151 1184 et
172 1118 309 1184 maxime
330 1117 479 1184 ecclesiae
510 1116 757 1200 praesidentium
780 1115 942 1182 ecclesiam
964 1134 1022 1201 ego
1045 1114 1220 1182 existimem
1241 1113 1319 1180 illud

121 1250 188 1298 esse
210 1232 334 1296 coelum
355 1229 404 1296 oui
427 1229 570 1313 quilibet,
604 1229 699 1295 etiam
721 1247 863 1296 summus
882 1226 1072 1305 mortalium,
1096 1224 1208 1293 debeat
1228 1225 1318 1292 inno·

121 1342 267 1421 centiam,
298 1341 418 1408 dicente
439 1358 512 1407 vase
534 1340 694 1406 electionis
717 1341 755 1406 de
775 1360 809 1405 se
831 1338 958 1422 suisque
993 1334 1148 1404 similibus
1170 1335 1319 1420 apostolis

119 1471 154 1517 ac
187 1451 264 1517 viris
298 1451 493 1535 apostolicis:
538 1451 693 1533 Quoniam
730 1450 1017 1536 spectaculum
1049 1447 1148 1540 facti
1182 1465 1319 1514 snmus

120 1564 209 1629 huic
233 1563 374 1626 mundo
398 1561 611 1648 stengelio
634 1564 673 1627 et
696 1555 966 1642 hominibusl)
990 1557 1031 1623 nt
1052 1557 1319 1643 prolectoqnibus

121 1674 335 1759 spectaculum
368 1672 444 1739 tacti
467 1691 574 1738 sumus
597 1672 646 1738 his
669 1672 763 1737 etiam
797 1671 863 1737 sine
895 1672 1041 1738 scandalo
1077 1689 1147 1736 esse
1168 1667 1318 1737 debemus

120 1786 243 1852 dicente
264 1785 448 1868 generaliter
471 1783 614 1848 omnibus
636 1784 745 1848 eedem
765 1783 909 1868 apostolo
934 1781 1051 1846 Paulo:
1074 1780 1165 1847 sine
1187 1778 1321 1847 offen·

121 1896 401 1962 sione-estote
435 1894 600 1960 Judaeis
634 1896 671 1958 et
704 1891 871 1959 Graecis
902 1896 938 1957 et
970 1891 1172 1960 ecclesiae
1207 1888 1319 1976 Dei.²)

121 2007 188 2072 Nec
210 2006 313 2071 solum
335 2004 457 2088 magnis
492 2005 662 2070 sedetiam
686 2003 823 2068 minimis
846 2021 986 2069 summos
1009 2002 1209 2070 ecclesiarum
1230 2021 1320 2088 proe-

121 2119 206 2184 snles
229 2117 262 2181 in
283 2115 342 2182 hoc
365 2115 519 2182 debitores
542 2116 726 2197 existimem,
748 2117 785 2180 ut
806 2113 950 2180 videlicet
971 2133 1169 2200 summopere
1192 2117 1321 2181 caveant

122 2248 162 2294 ne
185 2225 432 2292 scandalizentur
452 2225 491 2290 ab
514 2229 569 2294 eis,
592 2227 635 2291 nt
657 2228 715 2291 hoc
736 2245 799 2290 non
821 2246 857 2290 eu
879 2246 928 2292 me
951 2228 1006 2293 sed
1028 2247 1064 2292 es
1086 2225 1179 2293 verbo
1194 2225 1321 2292 Domini

119 2356 286 2422 praesumo
308 2336 458 2401 dicentis:
480 2339 553 2420 Qui
578 2337 922 2403 scandalizaverit
943 2355 1060 2402 unum
1082 2337 1127 2402 de
1147 2336 1317 2422 pusillis

119 2445 238 2526 istis,
263 2447 384 2530 quiin
407 2466 463 2512 me
484 2449 655 2513 credunt
676 2449 766 2533 ecee)
811 2447 943 2530 Propter
964 2447 1024 2513 hoc
1045 2465 1120 2514 sanc
1138 2449 1319 2516 scandalum

119 2559 239 2626 scilicet
259 2560 508 2642 praecavendum
527 2559 668 2626 ascendit
683 2561 798 2626 Paulus
814 2559 1093 2642 Hierosolymam)
1107 2560 1147 2625 ad
1160 2560 1318 2644 apostolos

118 2675 151 2736 et
174 2667 308 2735 contulit
337 2687 409 2733 oum
430 2669 492 2734 illis
515 2671 709 2754 evangelium
732 2671 848 2738 dhrim
879 2688 918 2736 ne
937 2669 1018 2737 sorte
1039 2673 1072 2738 in
1094 2690 1227 2739 uacuum
1249 2689 1319 2738 cnr-

118 2783 204 2846 reret
225 2782 280 2843 aut
301 2780 497 2860 cucurrisset,
531 2781 558 2846 si
578 2781 619 2846 ab
640 2782 772 2848 aliorum
801 2784 1014 2866 apostolorum
1037 2783 1176 2850 doctrina
1196 2784 1264 2868 ipso
1286 2783 1319 2848 in

118 2891 224 2974 aliquo
247 2890 441 2955 discordante
463 2893 645 2957 scandalum
666 2912 761 2977 super
783 2894 841 2958 hoc
860 2896 1019 2976 pateretur
1041 2895 1172 2961 ecclesia
1189 2894 1317 2964 Christi.

118 3004 288 3084 Propterea
321 3004 353 3064 et
373 3000 537 3066 laborabat
570 3004 726 3086 operando
761 3003 906 3069 manibus
929 3005 994 3070 suis
1015 3005 1093 3070 nihil
1125 3005 1319 3092 accipiente

120 3112 309 3198 quibusdam
323 3107 351 3194 ὃ)
377 3111 514 3177 ecclesiis
546 3133 585 3178 ne
608 3115 681 3198 quid
704 3133 796 3198 super
817 3114 875 3179 hoc
912 3115 1131 3182 offendiculum
1162 3117 1318 3200 pateretur

122 3223 327 3306 Evangelinm
342 3222 370 3288 si
385 3241 441 3288 sua
455 3213 626 3306 quaesiisse
641 3227 738 3292 videri
752 3226 918 3310 potuisset.
940 3227 1029 3294 Unde
1051 3233 1083 3294 et
1104 3247 1176 3294 cum
1190 3227 1319 3294 dixisset

121 3333 210 3399 sine
232 3332 473 3398 offensione
509 3337 831 3403 estoteJudaeis
865 3335 1096 3404 etGraccis
1129 3338 1317 3405 eteocle-

121 3445 210 3511 siae
233 3442 385 3512 Christi
408 3444 630 3530 semetipsum
650 3446 684 3510 in
705 3445 798 3530 hujus
820 3447 979 3531 praecepti
1011 3449 1185 3533 exemplum
1207 3445 1318 3513 offerre

120 3557 225 3642 potuit
246 3556 360 3633 dicens,
397 3554 506 3619 sicut
539 3559 578 3622 et
611 3576 681 3640 ego
704 3557 925 3642 peremnia
950 3557 1135 3624 omnibus
1157 3558 1314 3643 placeo,

120 3687 197 3734 non
221 3683 411 3750 quaerens
442 3652 550 3748 quod
572 3665 668 3732 mihi
692 3667 794 3733 utile
816 3672 879 3733 est
902 3669 970 3734 sed
993 3669 1090 3751 quod
1112 3668 1317 3736 multisut

122 3777 233 3847 salvi
256 3776 398 3857 liantd)
487 3835 497 3872 ,Ι

225 3983 456 4038 UQMAE

263 4081 487 4137 LQQQ

264 4181 347 4232 math.
368 4179 411 4234 18.
431 4179 455 4232 6.

228 4375 440 4430 'mffiffi

234 3984 244 4052 l

224 4081 246 4149 ²)

223 4179 245 4249 ³)

223 4279 411 4344 &QQZ

224 4375 246 4546 ⁸3
263 4471 286 4531 1.
307 4473 363 4530 Gor.
386 4474 426 4532 10.
443 4471 490 4529 33.
