3168 5214
241 362 305 430 320

241 532 396 599 tutionem
429 531 615 615 requieverit
636 535 668 598 et
689 532 727 596 de
749 550 811 616 quo
845 530 922 595 illud
955 531 1074 598 dietum
1106 550 1175 597 esse
1196 533 1359 600 uideatur:
1395 528 1462 614 qui

242 645 400 710 habitat
434 645 565 708 lucem
597 640 973 726 inaccessibilem1)
1006 662 1069 710 non
1100 646 1133 710 in
1154 664 1208 712 our
1229 647 1373 712 nostrum
1399 663 1463 710 as-

243 757 364 835 cendat,
388 759 423 820 ut
444 756 582 838 aliquam
601 755 703 820 luoem
725 754 918 820 materialem
933 755 1156 837 existimemus,
1180 757 1269 842 eujus
1290 757 1463 823 inhabita·

242 868 327 934 tione
348 868 415 952 ipse
436 865 614 952 perfruatur
636 869 668 932 et
689 865 722 930 in
744 883 805 948 qua
826 866 913 932 velut
934 867 966 932 in
990 869 1059 934 loeo
1083 887 1140 934 sno
1163 869 1351 952 requieverit
1372 873 1462 935 ante

243 979 351 1044 mundi
373 978 527 1064 originem
559 981 615 1043 aut
636 976 728 1043 hodie
752 978 854 1060 ipsam
879 977 1033 1044 inhabitet
1055 979 1110 1045 sed
1129 980 1183 1044 lux
1204 979 1259 1046 illa
1279 980 1462 1048 inauoessi-

243 1086 316 1154 bilis
337 1107 399 1154 non
421 1089 507 1155 alind
527 1088 567 1154 ab
587 1089 656 1173 ipso
673 1090 731 1154 est.
754 1087 914 1171 Siquidem
936 1089 1092 1175 sapientie
1113 1094 1161 1156 est
1182 1091 1328 1174 increata,
1351 1109 1460 1176 qnam

243 1216 305 1265 non
327 1199 402 1266 leoit
423 1199 524 1280 Deus,
555 1200 610 1266 sed
642 1197 703 1265 sibi
736 1198 1036 1266 consubstantialem
1058 1204 1091 1267 et
1112 1205 1307 1267 euastemam
1327 1202 1459 1287 genuit,
1576 1289 1577 1298 ἵ

245 1329 324 1394 quae
346 1308 446 1400 Λόγος
468 1313 500 1376 et
521 1308 660 1377 Verbum
680 1310 758 1376 illud
780 1313 828 1375 est
846 1329 902 1394 per
923 1312 1006 1394 quod
1029 1313 1133 1376 omnia
1153 1310 1239 1378 faeta
1253 1316 1336 1380 sunt.
1358 1314 1459 1395 Quae

245 1424 339 1490 etiarn
372 1424 512 1510 loquitur
533 1423 571 1488 de
593 1422 774 1506 semetipsa:
821 1420 1005 1488 Dominus
1036 1424 1224 1507 possedit
1245 1444 1299 1490 me
1320 1424 1457 1490 initio

245 1536 401 1603 riarum
423 1554 583 1604 suarum
605 1540 811 1618 antequam
834 1533 1457 1620 quiequamfaeeretaprinoipio

250 1649 281 1712 et
304 1651 407 1714 uetera
431 1667 546 1732 usque:
578 1665 664 1714 eum
682 1666 726 1714 eo
750 1664 854 1711 eram
876 1650 1022 1712 anneta
1055 1666 1298 1733 componens
1320 1651 1360 1712 et
1381 1647 1457 1712 de-

245 1758 426 1826 lectabar
447 1779 511 1845 per
531 1759 707 1844 singulos
729 1755 856 1842 diesd)
899 1758 987 1840 Quae
1010 1759 1105 1825 etiam
1127 1759 1193 1825 dieu
1216 1759 1269 1825 ille
1288 1759 1455 1844 septimus

246 1871 442 1957 intelligitur,
463 1872 496 1937 in
518 1891 580 1956 quo
601 1871 742 1957 perfeeto
776 1871 885 1938 mnndi
918 1891 975 1956 per
1002 1888 1054 1936 sex
1076 1871 1197 1936 dierum
1229 1869 1454 1937 distinctiones

247 2002 337 2068 opere
358 1983 511 2049 Dominus
533 1985 686 2067 requievit
707 1985 797 2068 eique
812 1982 967 2049 benedixit
984 1984 1016 2048 et
1031 1981 1237 2048 sanctificarit
1258 2000 1339 2048 enm.
1362 1982 1456 2064 Quae

245 2095 340 2160 etiam
363 2113 452 2159 versa
474 2094 540 2160 vioe
574 2095 727 2179 sapientia
748 2096 781 2158 in
801 2095 865 2176 illo,
888 2113 908 2160 a
929 2112 990 2178 quo
1013 2095 1119 2179 genita
1150 2097 1207 2174 est,
1232 2096 1392 2178 tamqnam
1417 2093 1454 2158 in

246 2224 302 2272 suo
325 2205 477 2291 prineipio
501 2205 675 2288 requiescit.
710 2204 796 2272 Unde
818 2206 913 2270 etiam
937 2205 1097 2270 incarnata
1118 2204 1305 2271 testificatur
1326 2205 1455 2270 dieens:

249 2299 544 2400 Quoniamego,
567 2315 677 2400 inquit,
701 2316 739 2380 in
762 2314 882 2382 Patre
904 2335 981 2382 meo
1006 2319 1045 2381 et
1066 2316 1187 2383 Pater
1207 2316 1246 2383 in
1266 2335 1325 2382 me
1345 2313 1452 2402 est.³)

247 2427 308 2493 Per
332 2425 405 2510 quid
427 2443 498 2492 vero
521 2425 572 2491 hia
594 2425 677 2492 tilius
699 2427 732 2493 in
754 2427 849 2493 Patre
870 2446 906 2492 aa
928 2428 1022 2494 Pater
1044 2428 1076 2494 in
1099 2427 1192 2509 Filio,
1214 2430 1345 2512 uterque
1367 2426 1455 2492 ride·

247 2537 322 2604 lieet
337 2539 368 2603 in
381 2540 479 2605 altero
503 2541 665 2622 tamquam
687 2538 720 2604 in
741 2540 809 2606 loeo
833 2558 890 2605 suo
912 2540 1087 2623 requiescit,
1110 2539 1173 2604 nisi
1192 2539 1268 2604 item
1287 2541 1454 2606 coaeterno

248 2652 280 2715 et
302 2649 560 2716 consubstantiali
583 2649 642 2714 sibi
664 2651 809 2735 pondere,
845 2652 926 2734 quod
950 2653 998 2716 est
1020 2650 1156 2717 charitas
1179 2653 1210 2716 et
1231 2650 1361 2736 spiritus
1385 2667 1456 2714 am·

248 2757 384 2826 borum?
430 2759 518 2826 Siout
541 2760 623 2826 enim
644 2761 874 2827 firmamentum
897 2763 980 2844 quod
1012 2761 1122 2846 igneae
1150 2763 1279 2827 naturae
1297 2763 1355 2841 est,
1379 2777 1456 2826 enm

249 2889 311 2937 non
334 2869 448 2937 habeat
481 2872 584 2937 locum
619 2872 810 2956 superiorem
831 2873 864 2938 in
887 2893 980 2957 quem
1012 2875 1139 2954 feratur,
1178 2873 1337 2959 sphaerico
1360 2877 1454 2938 motu

249 3000 285 3048 ae
309 2983 376 3067 lege
410 2981 470 3047 sibi
504 2982 652 3049 divinitus
675 2984 748 3050 data
770 2985 803 3049 in
825 2986 1027 3071 semetipsum
1049 2985 1157 3065 fertur,
1191 2988 1223 3051 et
1256 2985 1338 3051 sieut
1369 2984 1455 3068 ignis

249 3093 372 3159 camino
394 3092 541 3178 inclusus,
565 3112 637 3160 eum
654 3093 723 3177 jam
746 3099 813 3162 tota
836 3097 863 3161 ei
882 3097 1012 3162 materia
1035 3095 1175 3181 subjecta
1189 3096 1294 3176 fuerit,
1316 3098 1353 3161 ut
1375 3093 1457 3159 nihil

248 3202 363 3270 habeat
384 3203 415 3269 in
438 3223 471 3270 se
492 3207 615 3291 praeter
637 3225 670 3272 se
691 3208 812 3290 plaoida
834 3207 865 3272 in
889 3227 923 3273 se
944 3225 1019 3290 paee
1041 3207 1174 3290 quiescit
1195 3209 1289 3291 atque
1304 3206 1336 3271 iu
1351 3210 1457 3272 semet

249 3316 389 3397 inundat,
412 3335 485 3384 oum
508 3321 539 3383 et
560 3318 626 3401 ipse
648 3318 788 3384 caminus
807 3321 894 3384 totus
910 3318 1061 3403 inignem
1079 3335 1187 3384 versus
1211 3317 1267 3384 eit:
1290 3318 1335 3383 ita
1356 3317 1456 3384 Pater

249 3428 282 3495 in
304 3426 384 3494 Filio
408 3431 439 3494 et
461 3427 559 3493 Filius
582 3429 614 3494 in
630 3429 723 3495 Patre
744 3433 853 3497 mutua
875 3430 1026 3497 charitate
1048 3432 1216 3515 requiescit
1237 3434 1270 3498 et
1290 3430 1324 3496 in
1339 3433 1455 3496 semet-

250 3540 336 3625 ipsos
359 3541 502 3605 aeternae
524 3541 697 3607 dilectionis
720 3540 789 3626 lege
811 3560 847 3609 ao
868 3544 1003 3626 pondere
1024 3541 1178 3610 feruntur.
1199 3543 1263 3610 Sed
1287 3544 1319 3608 et
1339 3542 1372 3606 in
1388 3541 1458 3625 spi·

251 3648 362 3716 ritibus
393 3649 494 3716 beatis
527 3669 695 3735 eorumque
729 3651 944 3738 spiritualibus
979 3653 1159 3738 corporibus
1181 3653 1321 3739 ejusdem
1342 3672 1399 3739 epe
1421 3657 1458 3718 et

252 3759 415 3826 eharitatis
450 3779 524 3827 suae
556 3762 690 3846 pondere
722 3765 843 3831 delatus
875 3768 1036 3848 tamquam
1055 3766 1088 3830 in
1109 3766 1178 3831 loco
1201 3764 1373 3832 subteriore
1396 3783 1457 3830 suo

252 3870 418 3954 requiescit
440 3871 535 3939 Deus.
578 3874 702 3940 Etenim
725 3874 819 3941 Pater
840 3875 919 3942 Filio
943 3879 975 3943 et
996 3877 1094 3942 Filius
1123 3877 1210 3942 Patri
1231 3876 1371 3959 itemque
1392 3875 1457 3958 ipsi

252 3981 416 4050 amborum
446 3983 569 4067 spiritui
591 3985 719 4070 ipseque
740 3988 785 4054 eis
807 3989 894 4056 loeus
927 3989 1101 4074 coaequalis
1124 3992 1156 4054 et
1179 3985 1456 4055 consubstantialis

253 4096 311 4174 est,
345 4096 378 4159 at
409 4093 571 4161 rationalis
595 4101 750 4180 ereatura,
784 4103 821 4166 nt
853 4099 997 4182 diximus,
1030 4103 1118 4168 loeus
1151 4101 1195 4168 eis
1218 4100 1374 4166 subterior
1395 4101 1457 4179 est,

254 4203 343 4290 ouius
376 4207 481 4272 temen
513 4206 574 4274 loei
606 4226 661 4292 per
693 4210 833 4295 ipsorum
867 4210 1107 4279 substantialem
1131 4215 1173 4278 'et
1205 4209 1385 4279 sensibilem
1417 4227 1459 4277 ae

358 4441 506 4518 1)1.”11ιιι.
527 4447 552 4501 6.
574 4445 618 4500 16.
639 4473 669 4485 -·
698 4445 719 4516 ²)
737 4447 811 4502 Prot.
832 4447 858 4504 8.
876 4447 995 4504 22-30.
1018 4477 1051 4488 -
1073 4443 1095 4512 ⁸)
1115 4446 1250 4504 Jem10.
1273 4448 1317 4504 11.
