3172 5202
759 708 866 780 cap.
886 713 944 770 11.

250 853 333 932 ulid
352 853 399 922 sit
419 872 455 924 os
476 872 576 944 super
596 873 647 939 os,
670 872 783 924 manus
805 870 905 942 super
926 869 1057 937 manus,
1081 849 1191 923 oeulos
1212 870 1312 942 super
1332 852 1462 924 oeulos.

350 1045 420 1112 Hoo
442 1047 491 1112 est
512 1045 595 1111 enim
631 1063 703 1110 vero
725 1039 846 1109 Elisaeo
869 1041 1003 1108 Domino
1037 1045 1145 1109 nostro
1167 1042 1248 1110 Jesu
1269 1040 1460 1111 murelos
1584 1067 1585 1100 l

251 1175 344 1224 suum
366 1176 461 1243 super
483 1175 518 1222 os
541 1154 678 1222 defuncti
707 1153 852 1240 posuisse
885 1152 1045 1221 charitatis
1082 1172 1157 1221 suae
1176 1153 1292 1235 osculo,
1316 1153 1399 1238 quod
1421 1157 1462 1218 et
1584 1169 1585 1216 l

251 1286 366 1354 sponsa
385 1268 421 1332 iu
442 1266 570 1334 oentiois
593 1266 787 1333 canticorum
809 1264 973 1346 desiderat,
989 1265 1117 1332 vitalem
1139 1263 1461 1332 nobis'dileotionem
1584 1263 1585 1290 l

249 1378 428 1464 inspirasse.
473 1380 542 1446 Hoo
564 1381 662 1471 estol
684 1379 791 1445 oculos
814 1397 908 1464 super
942 1378 1048 1444 oeulos
1071 1377 1188 1444 mortui
1209 1376 1353 1464 posuisse
1373 1377 1461 1442 rati·
1584 1363 1585 1408 ³

251 1493 340 1558 onale
360 1494 505 1557 nostrum
526 1490 695 1575 sapientias
717 1493 749 1558 et
771 1489 920 1570 veritatis,
944 1507 1023 1574 quae
1043 1488 1112 1575 ipse
1133 1487 1284 1555 nimirum
1306 1492 1363 1569 est,
1381 1487 1461 1554 luoe

252 1605 347 1687 utque
364 1602 541 1688 praesentio
562 1603 747 1670 illustrasse.
778 1601 816 1668 In
837 1601 898 1669 hoo
914 1603 1020 1669 autem
1042 1603 1074 1667 et
1094 1618 1206 1668 manus
1229 1620 1322 1685 super
1342 1617 1461 1666 manus

249 1715 365 1800 posuit,
404 1713 487 1799 quod
509 1714 649 1799 exempla
670 1713 761 1780 nobis
783 1713 938 1780 uirtutum
958 1712 1164 1778 monstrando
1186 1712 1271 1779 dom
1291 1710 1381 1778 uobis
1403 1729 1462 1776 se-
1584 1695 1585 1762 Ῐ

249 1825 421 1910 metipsum
442 1826 482 1891 ad
504 1824 601 1890 vitam
623 1843 685 1890 non
709 1826 812 1891 solum
834 1823 971 1912 docendo
1009 1825 1063 1889 sed
1086 1827 1117 1890 et
1139 1822 1279 1890 iaciendo
1302 1819 1457 1889 exhibuit.

250 1937 291 2002 Et
311 1937 361 2004 his
383 1936 532 2002 nimimm
554 1935 664 2016 tribus,
687 1935 708 2002 i.
731 1957 758 2002 e.
779 1935 977 2038 appositione
991 1937 1016 2020 ¹)
1040 1953 1200 2018 manuum,
1235 1935 1397 2002 ooulorum
1419 1933 1458 1998 et
1584 2015 1585 2032 χ

251 2049 323 2131 oris,
346 2049 457 2116 salutis
479 2051 604 2115 nostrae
636 2053 745 2115 auctor
766 2053 798 2117 et
819 2051 901 2135 apud
928 2055 1051 2136 patrem
1072 2050 1168 2118 simul
1189 2050 1222 2114 et
1242 2063 1300 2111 uos
1322 2059 1459 2130 perora·

251 2162 302 2226 tor
322 2159 476 2227 Dominus
497 2157 593 2226 Jesus
615 2159 730 2227 doodes
751 2181 819 2243 nos,
842 2162 1007 2229 benevolos
1023 2165 1056 2228 et
1069 2163 1207 2228 attentos
1223 2153 1458 2243 quodammodo
1584 2217 1585 2268 ἶ

250 2269 352 2338 faeere
374 2271 520 2356 dignatus
543 2275 600 2353 est,
632 2276 670 2338 ut
706 2272 816 2340 salutis
838 2278 964 2342 nostrae
985 2292 1023 2341 ao
1043 2274 1126 2342 ritae
1161 2291 1218 2359 per
1238 2269 1343 2355 ipsum
1363 2263 1460 2331 nobis
1584 2283 1585 2366 ἐ

192 2405 194 2410 ·
251 2381 453 2448 eonferendae
475 2399 604 2468 oapaoes
626 2382 845 2451 efficeremur
863 2382 957 2452 Unde
978 2388 1012 2451 et
1033 2384 1122 2452 vitali
1143 2384 1255 2462 calore,
1279 2379 1332 2464 qui
1354 2375 1457 2444 uimi-
1584 2367 1585 2390 ¹

251 2511 322 2560 rum
342 2511 405 2558 non
426 2492 511 2558 aliud
533 2511 626 2578 quam
649 2495 708 2560 Dei
729 2495 867 2562 charitas
890 2501 947 2577 est,
971 2496 1101 2563 animati
1124 2494 1214 2580 quasi
1235 2491 1350 2579 septies
1372 2488 1460 2556 osoi·

252 2608 354 2672 tantos
387 2608 531 2670 sanetum
565 2606 779 2690 septiformem
802 2607 956 2694 Spiritum
988 2608 1180 2674 adtrarimus
1213 2602 1390 2691 apertisque
1411 2599 1460 2666 ad

250 2717 354 2784 lucem
386 2715 557 2802 sapientiae
593 2719 691 2786 ooulis
714 2722 754 2786 ed
776 2720 874 2786 vitam
906 2721 1125 2788 resursximus.
1168 2715 1289 2784 Mortui
1320 2729 1461 2797 namque

253 2847 387 2912 eramus,
422 2827 567 2895 videlicet
599 2849 662 2896 non
695 2834 798 2899 solum
830 2834 971 2920 languidi
1002 2834 1040 2899 ad
1068 2832 1219 2898 virtutem
1252 2846 1290 2896 ao
1312 2825 1396 2894 ooeoi
1416 2824 1464 2890 ad

253 2940 438 3024 sapientiam
470 2943 524 3008 ssd
546 2942 586 3008 ad
608 2943 791 3010 charitatem
815 2964 936 3030 quoquo
957 2944 1077 3030 frigidi.
1120 2944 1181 3009 Pro
1204 2961 1240 3008 eo
1263 2956 1398 3025 namque
1421 2938 1464 3002 ut

254 3051 405 3117 factorem
437 3057 581 3120 nostrum
611 3056 713 3121 Deum
747 3058 968 3141 tantorumque
1000 3056 1153 3122 bonorum
1187 3049 1395 3137 spiritualium
1425 3050 1463 3114 et

254 3165 461 3248 corporalium
499 3165 680 3250 largitorem
716 3166 927 3252 diligeremus,
962 3167 1127 3234 renotem
1162 3163 1252 3231 nobis
1286 3163 1319 3227 in
1351 3159 1460 3246 portis

253 3276 430 3361 loquentem
465 3277 534 3342 odio
557 3276 724 3344 habuimus
757 3279 862 3362 sieque
892 3299 927 3344 ox
949 3277 1058 3345 amieis
1093 3275 1210 3342 inimici
1231 3273 1330 3360 gratis
1353 3270 1462 3337 effecti

254 3408 379 3456 eramus
402 3391 435 3455 in
456 3389 569 3470 Adam,
608 3391 757 3475 quidquid
780 3394 847 3457 erat
868 3391 961 3471 aliud,
985 3390 1045 3457 nisi
1067 3389 1196 3454 vitalem
1218 3385 1353 3451 calorem
1376 3381 1462 3447 ami-

255 3502 333 3568 sisse
355 3501 483 3586 ejusque
505 3503 698 3568 contrarium
729 3503 844 3569 lethale
876 3503 976 3588 frigus
998 3502 1160 3587 ipsamque
1196 3499 1330 3566 mortem
1352 3493 1461 3560 inaur-

253 3615 341 3680 rise?
373 3615 422 3680 Da
446 3613 529 3679 onim
551 3613 627 3678 mihi
648 3614 817 3696 hominem,
854 3615 904 3680 oui
925 3615 1004 3680 velle
1027 3613 1151 3698 quidem
1185 3610 1302 3677 bonum
1324 3598 1460 3691 adjacet,
1584 3647 1585 3656 κ

254 3726 308 3792 sed
331 3725 384 3810 qui
405 3726 581 3812 ignorantia
603 3729 635 3792 et
655 3726 838 3794 infirmitate
865 3726 1061 3811 praepeditus
1082 3725 1231 3818 perlicere
1253 3720 1371 3788 bonum
1393 3735 1460 3784 non
1584 3725 1585 3768 l

253 3839 390 3905 inveniat
411 3837 564 3904 dioentom
586 3839 618 3903 in
640 3838 760 3924 gemitu
784 3857 841 3906 suo
863 3839 946 3906 Deo:
981 3835 1218 3921 Dereliquit
1238 3851 1296 3898 ms
1317 3831 1459 3897 virtus

254 3968 340 4016 mea
373 3950 570 4016 etlumen
603 3951 813 4017 oculorum
845 3968 1016 4016 meorum
1050 3951 1086 4014 et
1117 3947 1249 4032 ipsum
1282 3962 1358 4010 non
1392 3944 1460 4009 est

254 4058 451 4147 mesum,²)
473 4079 535 4128 non
557 4079 614 4145 ego
637 4061 720 4129 huno
742 4065 902 4129 mortuum
924 4059 1061 4140 fatebor,
1084 4057 1217 4124 maxime
1239 4057 1267 4123 si
1288 4054 1460 4122 criminali·

254 4173 314 4241 bus
335 4172 473 4260 peosatis
495 4191 558 4240 non
579 4172 676 4240 fuerit
697 4174 847 4241 irretitus.
876 4173 966 4240 Unde
987 4175 1037 4239 est
1056 4171 1152 4238 illud:
1174 4170 1274 4238 Num
1295 4169 1458 4255 gentem

255 4287 515 4371 ignorantem
536 4284 825 4370 interficiesl³l
847 4289 880 4352 et
901 4284 1071 4353 Psalmista
1090 4280 1283 4352 mlirmitatis
1305 4277 1459 4350 confessi·

358 4501 377 4574 1)
396 4503 453 4558 aod.
472 4503 661 4570 oppositionem.
683 4530 716 4542 —
737 4498 758 4570 ²)
776 4500 819 4555 Ps.
838 4499 883 4556 37.
903 4498 948 4557 ll.
967 4529 1001 4541 -
1022 4496 1046 4570 ⁸)
1064 4499 1127 4555 (len.
1145 4497 1190 4554 20.
1210 4498 1236 4554 4.
