3172 5202
1296 421 1338 488 93

134 611 377 678 vesperam
411 599 452 660 et
484 613 608 661 mane
641 596 738 660 dies
774 596 855 659 duo
890 594 1019 659 milia
1052 593 1264 660 trecenti
1297 596 1339 657 et

136 704 830 789 mundabitursanetuarium21)

573 1114 684 1181 Gap.
703 1113 859 1168 XLVI.

350 1233 458 1303 Verha
480 1234 511 1302 S.
535 1233 732 1319 Hieronymi,
755 1235 900 1303 Philonis
923 1252 961 1302 ac
980 1233 1126 1322 Josophi.

239 1417 428 1506 „Legamus
450 1421 534 1506 siti)
557 1422 819 1490 Machabaeorum
840 1421 936 1487 libros
960 1426 992 1487 et
1013 1419 1143 1505 Josephi
1158 1421 1331 1502 historiam,

130 1530 241 1616 ibique
258 1532 412 1618 scriptum
434 1535 622 1618 reperiemus
646 1534 813 1600 centesimo
838 1532 1075 1617 quadragesimo
1099 1531 1190 1598 tertio
1210 1511 1290 1599 anno
1313 1550 1332 1597 a

132 1639 279 1724 Seleuco,
302 1645 355 1728 qui
376 1646 497 1730 primus
521 1646 662 1731 regnavit
684 1647 716 1711 in
737 1645 826 1730 Syria
841 1648 915 1730 post
929 1643 1140 1710 Alexandrum
1154 1645 1332 1728 ingressum

132 1753 328 1822 Antiochum
343 1755 573 1840 ierosolymam
582 1757 733 1823 'uniuersa
748 1761 889 1822 vastasse
905 1774 1125 1840 reversumque
1144 1773 1223 1820 anno
1240 1755 1332 1821 tertio

130 1866 167 1931 in
188 1869 307 1953 templo
330 1867 471 1952 posuisse
493 1871 632 1933 eminam
653 1868 675 1935 J
677 1868 743 1932 oris
759 1869 791 1931 et
806 1885 904 1950 usque
919 1867 959 1930 ad
973 1866 995 1933 J
997 1866 1091 1932 udam
1108 1865 1335 1932 Machahaeum

131 1976 154 2042 i.
177 1996 205 2060 e,
238 1997 337 2063 usque
370 1979 410 2044 ad
439 1996 554 2044 annum
585 1979 789 2044 centesimum
813 1975 1086 2061 quadragesimum
1109 1979 1255 2042 octavum
1278 1995 1335 2060 per

130 2104 231 2155 annos
254 2089 411 2155 uastitatis
434 2089 611 2156 Jerusalem
634 2109 695 2171 ser,
720 2089 991 2156 contaminationis
1014 2092 1119 2158 autem
1143 2088 1253 2174 templi
1269 2092 1332 2153 tres

135 2202 198 2268 duo
222 2201 311 2267 milia
333 2204 489 2268 trecentos
507 2203 572 2269 dies
596 2207 627 2270 et
648 2208 712 2269 tres
735 2220 857 2267 menses
880 2221 948 2267 esse
966 2200 1148 2287 completos,
1171 2201 1333 2283 postquos

131 2314 288 2396 templum
311 2318 481 2400 purgatum
497 2318 555 2381 est.
577 2315 711 2398 Quidam
732 2333 787 2399 pro
810 2313 931 2380 duohus
955 2314 1081 2380 milibus
1105 2313 1251 2379 trecentis
1272 2312 1334 2377 duo

131 2424 220 2490 milia
234 2424 384 2492 ducentos
399 2426 516 2512 legunt,
533 2445 572 2490 ue
595 2445 647 2492 ser
663 2426 751 2492 annis
767 2429 830 2492 tres
846 2443 969 2491 menses
985 2444 1147 2509 superesse
1164 2424 1336 2491 rideantur.

130 2535 226 2602 Hunc
247 2536 361 2616 locum,
392 2537 436 2601 ait
463 2537 546 2602 idem
567 2537 786 2620 Hieronymus,
817 2537 955 2620 plerique
981 2539 1160 2601 nostrorum
1188 2535 1229 2599 ad
1251 2533 1334 2598 anti-

131 2645 288 2713 christum
310 2646 448 2712 reierunt
471 2649 502 2712 et
524 2648 607 2730 quod
640 2647 698 2713 sub
727 2645 881 2712 Antiocho
909 2648 941 2710 in
963 2649 1037 2731 typo
1063 2644 1252 2711 factumest
1275 2641 1332 2709 sub

129 2757 185 2824 illo
207 2759 240 2824 iu
264 2756 523 2822 remendicare
545 2776 613 2823 esse
635 2756 862 2840 complendum.
886 2756 975 2837 Quod
996 2757 1101 2820 autem
1122 2755 1217 2820 infert
1241 2773 1332 2820 mun-

129 2866 258 2934 dabitur
280 2866 492 2935 sanctuarium
513 2867 615 2936 Judae
637 2864 820 2932 ldachabaei
849 2864 1005 2948 significat
1031 2867 1184 2950 tempora,
1216 2863 1270 2946 qui
1292 2864 1331 2930 de

129 2977 199 3046 rico
222 2979 342 3060 Media,
372 2977 522 3044 iratribus
545 2995 582 3044 ao
603 2975 787 3063 propinquis
806 2993 912 3041 seeum
934 2974 1144 3041 annitentibus
1167 2979 1199 3041 et
1222 2975 1330 3054 multis

130 3092 170 3158 de
190 3091 307 3175 populo
329 3089 532 3170 Judaeorum,
557 3088 705 3154 Antiochi
727 3088 820 3154 duces
844 3091 970 3172 superat
987 3086 1077 3170 juxta
1098 3087 1225 3170 Emaus,
1249 3105 1327 3172 quae

129 3219 215 3268 nune
237 3199 400 3286 Nicopolis
423 3201 565 3266 dicitu-r.“
590 3199 676 3266 Haec
692 3203 818 3265 sanctus
835 3196 1054 3282 Hieronymus.
1077 3197 1123 3263 At
1137 3195 1331 3282 Porphyrius

129 3311 277 3378 inimicus
306 3311 379 3376 fidei
407 3313 532 3377 nostrae
559 3309 634 3376 haee
665 3310 772 3376 eadem
804 3312 836 3374 et
865 3310 976 3388 cetera,
1013 3325 1090 3392 quae
1113 3308 1150 3372 de
1173 3306 1327 3373 Antiocho

127 3423 272 3510 principe
303 3441 358 3509 per
386 3421 518 3488 eundem
540 3421 701 3488 Danielem
728 3420 914 3507 prophetata
936 3421 1019 3500 suut,
1045 3418 1092 3484 ita
1112 3418 1150 3484 de
1172 3417 1328 3485 Antiocho

128 3533 329 3619 interpretari
349 3532 462 3600 nititur
483 3551 555 3600 cum
570 3532 733 3618 prophetia
748 3551 797 3599 res
812 3534 917 3617 gestas
929 3529 1124 3610 conferendo,
1147 3531 1184 3595 ut
1197 3529 1330 3613 penitus,

129 3647 284 3731 quantum
305 3645 427 3730 inipso
450 3648 507 3727 est,
535 3645 728 3711 intellectum
756 3643 902 3710 eeclesiae
928 3641 966 3707 de
994 3639 1179 3707 antichristo
1202 3642 1331 3706 evacuet

129 3755 214 3824 sieut
235 3755 432 3842 prophetiam
455 3775 575 3841 quoque
595 3757 633 3822 de
655 3755 789 3824 Christo.
808 3755 842 3821 in
863 3753 931 3820 aliis
955 3753 1145 3838 completam
1167 3769 1235 3817 esse
1258 3767 1331 3817 con·

127 3868 241 3936 tendit.
263 3866 332 3936 Nos
353 3886 427 3935 vero
450 3868 605 3935 oredimus
627 3867 762 3934 Domino
785 3867 863 3934 Jesu
884 3866 977 3950 longe
991 3866 1063 3948 post
1078 3861 1224 3929 Antiochi
1247 3880 1331 3927 mor·

127 3983 195 4048 tem
216 3977 332 4046 dicenti
353 3979 551 4065 prophetiam
573 3978 711 4046 Danielis
734 3979 772 4044 de
793 3974 1023 4042 abominatione
1052 3971 1252 4040 desolationis
1274 3972 1330 4039 ad·

125 4091 246 4158 hucin
266 4089 409 4158 futurum
430 4088 529 4156 luisse
551 4089 778 4174 complendam.
824 4086 880 4153 Ait
903 4087 985 4152 euim
1007 4085 1170 4172 discipulis
1191 4085 1228 4151 de
1248 4087 1330 4150 tom·

125 4201 259 4290 poribus
289 4206 321 4270 et
349 4201 447 4288 sigma
477 4201 681 4271 destruendae
710 4199 845 4267 civitatis
875 4197 1051 4266 Jerusalem
1073 4199 1106 4264 ei
1127 4212 1327 4263 cousumma-

234 4469 241 4502 ¹
271 4467 335 4522 Dan.
355 4466 381 4522 8.
402 4465 443 4522 14.

232 4464 253 4634 ’ξ
270 4563 336 4634 Opp.
355 4581 376 4620 s.
394 4564 545 4632 llieronym.
567 4562 622 4620 edit
640 4562 727 4620 Maur.
748 4558 879 4620 tom.111.
900 4561 949 4619 eoi.
971 4561 1051 4619 1105.
1073 4561 1151 4620 1106.
