<?xml version="1.0" encoding="UTF-8"?>
<!DOCTYPE html PUBLIC "-//W3C//DTD XHTML 1.0 Transitional//EN"
    "http://www.w3.org/TR/xhtml1/DTD/xhtml1-transitional.dtd">
<html xmlns="http://www.w3.org/1999/xhtml" xml:lang="en" lang="en">
 <head>
  <title>
</title>
<meta http-equiv="Content-Type" content="text/html;charset=utf-8" />
  <meta name='ocr-system' content='tesseract 3.04.00' />
  <meta name='ocr-capabilities' content='ocr_page ocr_carea ocr_par ocr_line ocrx_word'/>
</head>
<body>
  <div class='ocr_page' id='page_1' title='image "./operahactenusin00schegoog_0105.png"; bbox 0 0 3172 5202; ppageno 0'>
   <div class='ocr_carea' id='block_1_1' title="bbox 238 398 281 466">
    <p class='ocr_par' dir='ltr' id='par_1_1' title="bbox 238 398 281 466">
     <span class='ocr_line' id='line_1_1' title="bbox 238 398 281 466; baseline 0 0"><span class='ocrx_word' id='word_1_1' title='bbox 238 398 281 466; x_wconf 85' lang='lat'>90</span> 
     </span>
    </p>
   </div>
   <div class='ocr_carea' id='block_1_2' title="bbox 232 564 1435 1102">
    <p class='ocr_par' dir='ltr' id='par_1_2' title="bbox 232 564 1435 1102">
     <span class='ocr_line' id='line_1_2' title="bbox 232 564 1435 649; baseline -0.007 -11"><span class='ocrx_word' id='word_1_2' title='bbox 232 574 314 639; x_wconf 86' lang='lat' dir='ltr'>clero</span> <span class='ocrx_word' id='word_1_3' title='bbox 337 572 439 637; x_wconf 84' lang='lat' dir='ltr'>videre</span> <span class='ocrx_word' id='word_1_4' title='bbox 463 573 519 649; x_wconf 86' lang='lat' dir='ltr'>est,</span> <span class='ocrx_word' id='word_1_5' title='bbox 557 569 689 633; x_wconf 84' lang='lat' dir='ltr'>maxime</span> <span class='ocrx_word' id='word_1_6' title='bbox 727 570 831 631; x_wconf 87' lang='lat' dir='ltr'>tamen</span> <span class='ocrx_word' id='word_1_7' title='bbox 865 568 898 630; x_wconf 91' lang='lat' dir='ltr'>in</span> <span class='ocrx_word' id='word_1_8' title='bbox 930 567 978 630; x_wconf 90' lang='lat' dir='ltr'>his</span> <span class='ocrx_word' id='word_1_9' title='bbox 1012 567 1065 648; x_wconf 87' lang='lat' dir='ltr'>qui</span> <span class='ocrx_word' id='word_1_10' title='bbox 1099 564 1289 629; x_wconf 81' lang='lat' dir='ltr'>cathedrales</span> <span class='ocrx_word' id='word_1_11' title='bbox 1327 565 1435 629; x_wconf 89' lang='lat' dir='ltr'>tenent</span> 
     </span>
     <span class='ocr_line' id='line_1_3' title="bbox 234 673 1434 760; baseline -0.01 -11"><span class='ocrx_word' id='word_1_12' title='bbox 234 682 391 749; x_wconf 83' lang='lat' dir='ltr'>ecclcsiae.</span> <span class='ocrx_word' id='word_1_13' title='bbox 424 682 466 746; x_wconf 92' lang='lat' dir='ltr'>Hi</span> <span class='ocrx_word' id='word_1_14' title='bbox 489 681 571 746; x_wconf 90' lang='lat' dir='ltr'>enim</span> <span class='ocrx_word' id='word_1_15' title='bbox 594 699 665 746; x_wconf 86' lang='lat' dir='ltr'>curn</span> <span class='ocrx_word' id='word_1_16' title='bbox 687 697 787 760; x_wconf 89' lang='lat' dir='ltr'>neque</span> <span class='ocrx_word' id='word_1_17' title='bbox 809 695 962 742; x_wconf 89' lang='lat' dir='ltr'>canonum</span> <span class='ocrx_word' id='word_1_18' title='bbox 982 695 1080 758; x_wconf 89' lang='lat' dir='ltr'>neque</span> <span class='ocrx_word' id='word_1_19' title='bbox 1103 673 1287 740; x_wconf 83' lang='lat' dir='ltr'>coenobitali</span> <span class='ocrx_word' id='word_1_20' title='bbox 1309 674 1434 758; x_wconf 87' lang='lat' dir='ltr'>regulae</span> 
     </span>
     <span class='ocr_line' id='line_1_4' title="bbox 234 783 1435 878; baseline -0.006 -20"><span class='ocrx_word' id='word_1_21' title='bbox 234 793 368 876; x_wconf 87' lang='lat' dir='ltr'>subjecti</span> <span class='ocrx_word' id='word_1_22' title='bbox 391 795 462 874; x_wconf 86' lang='lat' dir='ltr'>sint,</span> <span class='ocrx_word' id='word_1_23' title='bbox 486 794 646 878; x_wconf 84' lang='lat' dir='ltr'>cujusdam</span> <span class='ocrx_word' id='word_1_24' title='bbox 669 791 792 875; x_wconf 86' lang='lat' dir='ltr'>regulae</span> <span class='ocrx_word' id='word_1_25' title='bbox 815 807 909 872; x_wconf 91' lang='lat' dir='ltr'>quam</span> <span class='ocrx_word' id='word_1_26' title='bbox 921 787 1056 854; x_wconf 83' lang='lat' dir='ltr'>Ludwici</span> <span class='ocrx_word' id='word_1_27' title='bbox 1079 787 1160 870; x_wconf 84' lang='lat' dir='ltr'>regis</span> <span class='ocrx_word' id='word_1_28' title='bbox 1183 783 1337 869; x_wconf 86' lang='lat' dir='ltr'>dicunt1),</span> <span class='ocrx_word' id='word_1_29' title='bbox 1360 802 1435 868; x_wconf 92' lang='lat' dir='ltr'>pro·</span> 
     </span>
     <span class='ocr_line' id='line_1_5' title="bbox 233 898 1434 990; baseline -0.007 -20"><span class='ocrx_word' id='word_1_30' title='bbox 233 905 367 970; x_wconf 87' lang='lat' dir='ltr'>fossores</span> <span class='ocrx_word' id='word_1_31' title='bbox 391 925 424 971; x_wconf 90' lang='lat' dir='ltr'>se</span> <span class='ocrx_word' id='word_1_32' title='bbox 445 904 618 990; x_wconf 89' lang='lat' dir='ltr'>perhibent.</span> <span class='ocrx_word' id='word_1_33' title='bbox 664 903 749 984; x_wconf 84' lang='lat' dir='ltr'>Quae</span> <span class='ocrx_word' id='word_1_34' title='bbox 779 903 927 966; x_wconf 90' lang='lat' dir='ltr'>nimirum</span> <span class='ocrx_word' id='word_1_35' title='bbox 961 903 1077 986; x_wconf 81' lang='lat' dir='ltr'>regida,</span> <span class='ocrx_word' id='word_1_36' title='bbox 1102 900 1129 964; x_wconf 87' lang='lat' dir='ltr'>si</span> <span class='ocrx_word' id='word_1_37' title='bbox 1148 904 1254 964; x_wconf 89' lang='lat' dir='ltr'>tamen</span> <span class='ocrx_word' id='word_1_38' title='bbox 1272 898 1380 982; x_wconf 85' lang='lat' dir='ltr'>regula</span> <span class='ocrx_word' id='word_1_39' title='bbox 1403 900 1434 962; x_wconf 90' lang='lat' dir='ltr'>et</span> 
     </span>
     <span class='ocr_line' id='line_1_6' title="bbox 232 1008 1433 1102; baseline -0.007 -22"><span class='ocrx_word' id='word_1_40' title='bbox 232 1035 295 1081; x_wconf 91' lang='lat' dir='ltr'>non</span> <span class='ocrx_word' id='word_1_41' title='bbox 316 1017 421 1101; x_wconf 89' lang='lat' dir='ltr'>potius</span> <span class='ocrx_word' id='word_1_42' title='bbox 443 1017 607 1102; x_wconf 79' lang='lat' dir='ltr'>pravitatis</span> <span class='ocrx_word' id='word_1_43' title='bbox 629 1033 664 1079; x_wconf 87' lang='lat' dir='ltr'>ao</span> <span class='ocrx_word' id='word_1_44' title='bbox 675 1013 885 1100; x_wconf 86' lang='lat' dir='ltr'>perversitatis</span> <span class='ocrx_word' id='word_1_45' title='bbox 898 1013 1038 1079; x_wconf 85' lang='lat' dir='ltr'>doctrine</span> <span class='ocrx_word' id='word_1_46' title='bbox 1061 1009 1188 1077; x_wconf 89' lang='lat' dir='ltr'>dicenda</span> <span class='ocrx_word' id='word_1_47' title='bbox 1211 1013 1268 1090; x_wconf 80' lang='lat' dir='ltr'>est,</span> <span class='ocrx_word' id='word_1_48' title='bbox 1291 1010 1323 1074; x_wconf 95' lang='lat' dir='ltr'>in</span> <span class='ocrx_word' id='word_1_49' title='bbox 1347 1008 1433 1073; x_wconf 88' lang='lat' dir='ltr'>curia</span> 
     </span>
    </p>
   </div>
   <div class='ocr_carea' id='block_1_3' title="bbox 232 1123 1433 1769">
    <p class='ocr_par' dir='ltr' id='par_1_3' title="bbox 232 1123 1433 1769">
     <span class='ocr_line' id='line_1_7' title="bbox 233 1123 1433 1212; baseline -0.004 -20"><span class='ocrx_word' id='word_1_50' title='bbox 233 1127 330 1212; x_wconf 85' lang='lat' dir='ltr'>regali</span> <span class='ocrx_word' id='word_1_51' title='bbox 352 1147 409 1212; x_wconf 89' lang='lat' dir='ltr'>per</span> <span class='ocrx_word' id='word_1_52' title='bbox 430 1129 546 1192; x_wconf 90' lang='lat' dir='ltr'>aulicos</span> <span class='ocrx_word' id='word_1_53' title='bbox 569 1130 600 1192; x_wconf 91' lang='lat' dir='ltr'>et</span> <span class='ocrx_word' id='word_1_54' title='bbox 622 1127 750 1192; x_wconf 85' lang='lat' dir='ltr'>curiales</span> <span class='ocrx_word' id='word_1_55' title='bbox 784 1126 911 1191; x_wconf 90' lang='lat' dir='ltr'>clericos</span> <span class='ocrx_word' id='word_1_56' title='bbox 933 1125 1083 1190; x_wconf 87' lang='lat' dir='ltr'>fabricata</span> <span class='ocrx_word' id='word_1_57' title='bbox 1104 1126 1186 1190; x_wconf 90' lang='lat' dir='ltr'>inter</span> <span class='ocrx_word' id='word_1_58' title='bbox 1205 1123 1340 1208; x_wconf 88' lang='lat' dir='ltr'>plurima</span> <span class='ocrx_word' id='word_1_59' title='bbox 1361 1141 1433 1207; x_wconf 90' lang='lat' dir='ltr'>per·</span> 
     </span>
     <span class='ocr_line' id='line_1_8' title="bbox 233 1234 1432 1323; baseline -0.003 -21"><span class='ocrx_word' id='word_1_60' title='bbox 233 1236 375 1303; x_wconf 85' lang='lat' dir='ltr'>fectionis</span> <span class='ocrx_word' id='word_1_61' title='bbox 393 1241 560 1323; x_wconf 87' lang='lat' dir='ltr'>praecepta</span> <span class='ocrx_word' id='word_1_62' title='bbox 581 1238 716 1321; x_wconf 91' lang='lat' dir='ltr'>undique</span> <span class='ocrx_word' id='word_1_63' title='bbox 731 1239 763 1303; x_wconf 90' lang='lat' dir='ltr'>iu</span> <span class='ocrx_word' id='word_1_64' title='bbox 778 1256 875 1302; x_wconf 90' lang='lat' dir='ltr'>unum</span> <span class='ocrx_word' id='word_1_65' title='bbox 898 1257 933 1301; x_wconf 90' lang='lat' dir='ltr'>ex</span> <span class='ocrx_word' id='word_1_66' title='bbox 955 1239 1082 1321; x_wconf 86' lang='lat' dir='ltr'>patrum</span> <span class='ocrx_word' id='word_1_67' title='bbox 1104 1237 1194 1301; x_wconf 86' lang='lat' dir='ltr'>dictis</span> <span class='ocrx_word' id='word_1_68' title='bbox 1217 1234 1294 1300; x_wconf 90' lang='lat' dir='ltr'>bene</span> <span class='ocrx_word' id='word_1_69' title='bbox 1317 1236 1348 1298; x_wconf 89' lang='lat' dir='ltr'>et</span> <span class='ocrx_word' id='word_1_70' title='bbox 1370 1234 1432 1300; x_wconf 88' lang='lat' dir='ltr'>uti·</span> 
     </span>
     <span class='ocr_line' id='line_1_9' title="bbox 233 1348 1432 1442; baseline 0 -30"><span class='ocrx_word' id='word_1_71' title='bbox 233 1348 305 1413; x_wconf 87' lang='lat' dir='ltr'>liter</span> <span class='ocrx_word' id='word_1_72' title='bbox 325 1353 471 1432; x_wconf 86' lang='lat' dir='ltr'>congesta</span> <span class='ocrx_word' id='word_1_73' title='bbox 494 1350 552 1416; x_wconf 89' lang='lat' dir='ltr'>hoc</span> <span class='ocrx_word' id='word_1_74' title='bbox 575 1369 673 1417; x_wconf 89' lang='lat' dir='ltr'>unum</span> <span class='ocrx_word' id='word_1_75' title='bbox 695 1351 785 1434; x_wconf 84' lang='lat' dir='ltr'>quasi</span> <span class='ocrx_word' id='word_1_76' title='bbox 817 1368 969 1416; x_wconf 86' lang='lat' dir='ltr'>venenum</span> <span class='ocrx_word' id='word_1_77' title='bbox 991 1350 1112 1428; x_wconf 82' lang='lat' dir='ltr'>retinet,</span> <span class='ocrx_word' id='word_1_78' title='bbox 1149 1348 1231 1432; x_wconf 86' lang='lat' dir='ltr'>quod</span> <span class='ocrx_word' id='word_1_79' title='bbox 1254 1350 1432 1442; x_wconf 84' lang='lat' dir='ltr'>evangelica</span> 
     </span>
     <span class='ocr_line' id='line_1_10' title="bbox 232 1459 1430 1547; baseline 0.003 -23"><span class='ocrx_word' id='word_1_80' title='bbox 232 1459 393 1543; x_wconf 87' lang='lat' dir='ltr'>perfactio,</span> <span class='ocrx_word' id='word_1_81' title='bbox 432 1463 468 1526; x_wconf 92' lang='lat' dir='ltr'>de</span> <span class='ocrx_word' id='word_1_82' title='bbox 492 1480 552 1544; x_wconf 93' lang='lat' dir='ltr'>qua</span> <span class='ocrx_word' id='word_1_83' title='bbox 575 1463 728 1547; x_wconf 85' lang='lat' dir='ltr'>gloriatur</span> <span class='ocrx_word' id='word_1_84' title='bbox 749 1463 861 1528; x_wconf 86' lang='lat' dir='ltr'>Petrus</span> <span class='ocrx_word' id='word_1_85' title='bbox 899 1463 1002 1527; x_wconf 87' lang='lat' dir='ltr'>dicens</span> <span class='ocrx_word' id='word_1_86' title='bbox 1025 1462 1177 1526; x_wconf 90' lang='lat' dir='ltr'>Domino:</span> <span class='ocrx_word' id='word_1_87' title='bbox 1214 1479 1315 1526; x_wconf 88' lang='lat' dir='ltr'>ecoe</span> <span class='ocrx_word' id='word_1_88' title='bbox 1352 1481 1430 1528; x_wconf 88' lang='lat' dir='ltr'>nos</span> 
     </span>
     <span class='ocr_line' id='line_1_11' title="bbox 232 1571 1431 1658; baseline 0.004 -23"><span class='ocrx_word' id='word_1_89' title='bbox 232 1572 507 1656; x_wconf 86' lang='lat' dir='ltr'>reliquimus</span> <span class='ocrx_word' id='word_1_90' title='bbox 542 1576 687 1640; x_wconf 88' lang='lat' dir='ltr'>omnia</span> <span class='ocrx_word' id='word_1_91' title='bbox 720 1575 935 1639; x_wconf 88' lang='lat' dir='ltr'>etsecuti</span> <span class='ocrx_word' id='word_1_92' title='bbox 969 1591 1118 1640; x_wconf 90' lang='lat' dir='ltr'>sumus</span> <span class='ocrx_word' id='word_1_93' title='bbox 1142 1571 1220 1658; x_wconf 77' lang='lat' dir='ltr'>tc²)</span> <span class='ocrx_word' id='word_1_94' title='bbox 1256 1575 1431 1657; x_wconf 89' lang='lat' dir='ltr'>etde-qna</span> 
     </span>
     <span class='ocr_line' id='line_1_12' title="bbox 233 1681 1430 1769; baseline 0.003 -23"><span class='ocrx_word' id='word_1_95' title='bbox 233 1681 501 1749; x_wconf 87' lang='lat' dir='ltr'>Dominuenisi</span> <span class='ocrx_word' id='word_1_96' title='bbox 524 1687 646 1769; x_wconf 86' lang='lat' dir='ltr'>quis,</span> <span class='ocrx_word' id='word_1_97' title='bbox 679 1686 789 1768; x_wconf 86' lang='lat' dir='ltr'>inquit,</span> <span class='ocrx_word' id='word_1_98' title='bbox 824 1686 1174 1750; x_wconf 74' lang='lat' dir='ltr'>renuntiaverit</span> <span class='ocrx_word' id='word_1_99' title='bbox 1201 1684 1430 1764; x_wconf 86' lang='lat' dir='ltr'>omnibus,</span> 
     </span>
    </p>
   </div>
   <div class='ocr_carea' id='block_1_4' title="bbox 110 1796 1431 1882">
    <p class='ocr_par' dir='ltr' id='par_1_4' title="bbox 110 1796 1431 1882">
     <span class='ocr_line' id='line_1_13' title="bbox 110 1796 1431 1882; baseline 0.006 -28"><span class='ocrx_word' id='word_1_100' title='bbox 110 1846 113 1854; x_wconf 89' lang='lat'>.</span> <span class='ocrx_word' id='word_1_101' title='bbox 233 1796 1431 1882; x_wconf 78' lang='lat' dir='ltr'>quaeposeidet‚nonpotestmeusessediecipulus⁸)</span> 
     </span>
    </p>
   </div>
   <div class='ocr_carea' id='block_1_5' title="bbox 230 1908 1431 3328">
    <p class='ocr_par' dir='ltr' id='par_1_5' title="bbox 230 1908 1431 3328">
     <span class='ocr_line' id='line_1_14' title="bbox 232 1908 1431 1994; baseline 0.003 -21"><span class='ocrx_word' id='word_1_102' title='bbox 232 1908 271 1973; x_wconf 90' lang='lat' dir='ltr'>ad</span> <span class='ocrx_word' id='word_1_103' title='bbox 305 1909 388 1974; x_wconf 87' lang='lat' dir='ltr'>solos</span> <span class='ocrx_word' id='word_1_104' title='bbox 422 1910 589 1975; x_wconf 90' lang='lat' dir='ltr'>monachos</span> <span class='ocrx_word' id='word_1_105' title='bbox 623 1929 685 1974; x_wconf 92' lang='lat' dir='ltr'>non</span> <span class='ocrx_word' id='word_1_106' title='bbox 708 1911 863 1976; x_wconf 91' lang='lat' dir='ltr'>etiamad</span> <span class='ocrx_word' id='word_1_107' title='bbox 885 1912 983 1976; x_wconf 90' lang='lat' dir='ltr'>cleros</span> <span class='ocrx_word' id='word_1_108' title='bbox 1016 1908 1179 1994; x_wconf 84' lang='lat' dir='ltr'>pertineat.</span> <span class='ocrx_word' id='word_1_109' title='bbox 1225 1911 1314 1994; x_wconf 85' lang='lat' dir='ltr'>Quod</span> <span class='ocrx_word' id='word_1_110' title='bbox 1336 1929 1431 1994; x_wconf 87' lang='lat' dir='ltr'>qnam</span> 
     </span>
     <span class='ocr_line' id='line_1_15' title="bbox 231 2007 1430 2105; baseline 0.003 -22"><span class='ocrx_word' id='word_1_111' title='bbox 231 2007 378 2085; x_wconf 85' lang='lat' dir='ltr'>falsitatis</span> <span class='ocrx_word' id='word_1_112' title='bbox 411 2022 540 2105; x_wconf 88' lang='lat' dir='ltr'>plenum</span> <span class='ocrx_word' id='word_1_113' title='bbox 573 2021 684 2086; x_wconf 80' lang='lat' dir='ltr'>situel</span> <span class='ocrx_word' id='word_1_114' title='bbox 707 2022 965 2089; x_wconf 87' lang='lat' dir='ltr'>exeoomnibus</span> <span class='ocrx_word' id='word_1_115' title='bbox 999 2024 1078 2088; x_wconf 89' lang='lat' dir='ltr'>scire</span> <span class='ocrx_word' id='word_1_116' title='bbox 1111 2021 1285 2087; x_wconf 87' lang='lat' dir='ltr'>volentibus</span> <span class='ocrx_word' id='word_1_117' title='bbox 1321 2022 1430 2104; x_wconf 88' lang='lat' dir='ltr'>liquat,</span> 
     </span>
     <span class='ocr_line' id='line_1_16' title="bbox 233 2131 1430 2219; baseline 0.002 -23"><span class='ocrx_word' id='word_1_118' title='bbox 233 2132 316 2212; x_wconf 91' lang='lat' dir='ltr'>quod</span> <span class='ocrx_word' id='word_1_119' title='bbox 348 2131 443 2216; x_wconf 91' lang='lat' dir='ltr'>primi</span> <span class='ocrx_word' id='word_1_120' title='bbox 475 2132 567 2215; x_wconf 87' lang='lat' dir='ltr'>hujus</span> <span class='ocrx_word' id='word_1_121' title='bbox 601 2136 760 2219; x_wconf 82' lang='lat' dir='ltr'>praecepti</span> <span class='ocrx_word' id='word_1_122' title='bbox 793 2138 968 2200; x_wconf 82' lang='lat' dir='ltr'>executores</span> <span class='ocrx_word' id='word_1_123' title='bbox 1002 2153 1073 2199; x_wconf 88' lang='lat' dir='ltr'>curn</span> <span class='ocrx_word' id='word_1_124' title='bbox 1096 2153 1132 2199; x_wconf 93' lang='lat' dir='ltr'>ex</span> <span class='ocrx_word' id='word_1_125' title='bbox 1153 2133 1311 2219; x_wconf 86' lang='lat' dir='ltr'>praecepti</span> <span class='ocrx_word' id='word_1_126' title='bbox 1330 2133 1430 2217; x_wconf 89' lang='lat' dir='ltr'>ipsius</span> 
     </span>
     <span class='ocr_line' id='line_1_17' title="bbox 233 2240 1431 2330; baseline 0.003 -25"><span class='ocrx_word' id='word_1_127' title='bbox 233 2240 405 2308; x_wconf 88' lang='lat' dir='ltr'>obedientia</span> <span class='ocrx_word' id='word_1_128' title='bbox 438 2261 561 2308; x_wconf 91' lang='lat' dir='ltr'>omnem</span> <span class='ocrx_word' id='word_1_129' title='bbox 597 2245 805 2328; x_wconf 82' lang='lat' dir='ltr'>evangelicam</span> <span class='ocrx_word' id='word_1_130' title='bbox 826 2245 1049 2330; x_wconf 86' lang='lat' dir='ltr'>perfectionem</span> <span class='ocrx_word' id='word_1_131' title='bbox 1072 2245 1190 2311; x_wconf 85' lang='lat' dir='ltr'>executi</span> <span class='ocrx_word' id='word_1_132' title='bbox 1209 2244 1334 2324; x_wconf 83' lang='lat' dir='ltr'>fuerint,</span> <span class='ocrx_word' id='word_1_133' title='bbox 1369 2262 1431 2328; x_wconf 84' lang='lat' dir='ltr'>qua</span> 
     </span>
     <span class='ocr_line' id='line_1_18' title="bbox 231 2352 1429 2441; baseline 0.005 -25"><span class='ocrx_word' id='word_1_134' title='bbox 231 2352 331 2436; x_wconf 85' lang='lat' dir='ltr'>major</span> <span class='ocrx_word' id='word_1_135' title='bbox 351 2355 437 2418; x_wconf 91' lang='lat' dir='ltr'>nulla</span> <span class='ocrx_word' id='word_1_136' title='bbox 459 2360 516 2435; x_wconf 80' lang='lat' dir='ltr'>est,</span> <span class='ocrx_word' id='word_1_137' title='bbox 551 2357 589 2420; x_wconf 92' lang='lat' dir='ltr'>de</span> <span class='ocrx_word' id='word_1_138' title='bbox 611 2357 725 2421; x_wconf 89' lang='lat' dir='ltr'>mundo</span> <span class='ocrx_word' id='word_1_139' title='bbox 750 2357 891 2422; x_wconf 79' lang='lat' dir='ltr'>videlicet</span> <span class='ocrx_word' id='word_1_140' title='bbox 925 2359 1013 2422; x_wconf 89' lang='lat' dir='ltr'>electi</span> <span class='ocrx_word' id='word_1_141' title='bbox 1036 2362 1068 2423; x_wconf 91' lang='lat' dir='ltr'>et</span> <span class='ocrx_word' id='word_1_142' title='bbox 1090 2359 1216 2423; x_wconf 89' lang='lat' dir='ltr'>coelesti</span> <span class='ocrx_word' id='word_1_143' title='bbox 1249 2356 1429 2441; x_wconf 85' lang='lat' dir='ltr'>magisterio</span> 
     </span>
     <span class='ocr_line' id='line_1_19' title="bbox 230 2464 1431 2553; baseline 0.002 -24"><span class='ocrx_word' id='word_1_144' title='bbox 230 2464 367 2530; x_wconf 87' lang='lat' dir='ltr'>inst&#39;tnti</span> <span class='ocrx_word' id='word_1_145' title='bbox 400 2485 435 2529; x_wconf 90' lang='lat' dir='ltr'>ex</span> <span class='ocrx_word' id='word_1_146' title='bbox 457 2469 651 2550; x_wconf 88' lang='lat' dir='ltr'>apostolatus</span> <span class='ocrx_word' id='word_1_147' title='bbox 686 2466 787 2533; x_wconf 88' lang='lat' dir='ltr'>officio</span> <span class='ocrx_word' id='word_1_148' title='bbox 818 2469 946 2553; x_wconf 88' lang='lat' dir='ltr'>insuper</span> <span class='ocrx_word' id='word_1_149' title='bbox 978 2487 1040 2533; x_wconf 90' lang='lat' dir='ltr'>non</span> <span class='ocrx_word' id='word_1_150' title='bbox 1076 2470 1178 2534; x_wconf 90' lang='lat' dir='ltr'>solum</span> <span class='ocrx_word' id='word_1_151' title='bbox 1200 2467 1303 2534; x_wconf 89' lang='lat' dir='ltr'>elerici</span> <span class='ocrx_word' id='word_1_152' title='bbox 1325 2467 1431 2533; x_wconf 90' lang='lat' dir='ltr'>sedet</span> 
     </span>
     <span class='ocr_line' id='line_1_20' title="bbox 231 2575 1430 2665; baseline 0.003 -25"><span class='ocrx_word' id='word_1_153' title='bbox 231 2575 413 2641; x_wconf 88' lang='lat' dir='ltr'>clericorum</span> <span class='ocrx_word' id='word_1_154' title='bbox 446 2578 603 2662; x_wconf 89' lang='lat' dir='ltr'>principes</span> <span class='ocrx_word' id='word_1_155' title='bbox 635 2597 671 2644; x_wconf 92' lang='lat' dir='ltr'>ac</span> <span class='ocrx_word' id='word_1_156' title='bbox 704 2581 846 2665; x_wconf 83' lang='lat' dir='ltr'>magistri</span> <span class='ocrx_word' id='word_1_157' title='bbox 883 2579 977 2664; x_wconf 89' lang='lat' dir='ltr'>primi</span> <span class='ocrx_word' id='word_1_158' title='bbox 1000 2580 1175 2646; x_wconf 88' lang='lat' dir='ltr'>extiterunt.</span> <span class='ocrx_word' id='word_1_159' title='bbox 1220 2577 1339 2662; x_wconf 84' lang='lat' dir='ltr'>Quibus</span> <span class='ocrx_word' id='word_1_160' title='bbox 1361 2580 1430 2664; x_wconf 87' lang='lat' dir='ltr'>ipse</span> 
     </span>
     <span class='ocr_line' id='line_1_21' title="bbox 231 2687 1428 2774; baseline 0.004 -23"><span class='ocrx_word' id='word_1_161' title='bbox 231 2687 373 2753; x_wconf 84' lang='lat' dir='ltr'>coelestis</span> <span class='ocrx_word' id='word_1_162' title='bbox 407 2690 556 2774; x_wconf 86' lang='lat' dir='ltr'>magister</span> <span class='ocrx_word' id='word_1_163' title='bbox 590 2689 749 2756; x_wconf 77' lang='lat' dir='ltr'>Christus·</span> <span class='ocrx_word' id='word_1_164' title='bbox 768 2709 831 2756; x_wconf 88' lang='lat' dir='ltr'>non</span> <span class='ocrx_word' id='word_1_165' title='bbox 862 2693 933 2756; x_wconf 90' lang='lat' dir='ltr'>ante</span> <span class='ocrx_word' id='word_1_166' title='bbox 967 2692 1159 2774; x_wconf 87' lang='lat' dir='ltr'>apostolatus</span> <span class='ocrx_word' id='word_1_167' title='bbox 1193 2691 1242 2756; x_wconf 87' lang='lat' dir='ltr'>vel</span> <span class='ocrx_word' id='word_1_168' title='bbox 1264 2691 1428 2758; x_wconf 86' lang='lat' dir='ltr'>clericatus</span> 
     </span>
     <span class='ocr_line' id='line_1_22' title="bbox 232 2795 1430 2888; baseline 0.004 -26"><span class='ocrx_word' id='word_1_169' title='bbox 232 2795 370 2863; x_wconf 88' lang='lat' dir='ltr'>officinm</span> <span class='ocrx_word' id='word_1_170' title='bbox 383 2799 543 2884; x_wconf 86' lang='lat' dir='ltr'>imposuit,</span> <span class='ocrx_word' id='word_1_171' title='bbox 568 2800 664 2866; x_wconf 90' lang='lat' dir='ltr'>donec</span> <span class='ocrx_word' id='word_1_172' title='bbox 679 2821 731 2866; x_wconf 90' lang='lat' dir='ltr'>eos</span> <span class='ocrx_word' id='word_1_173' title='bbox 746 2803 778 2866; x_wconf 90' lang='lat' dir='ltr'>in</span> <span class='ocrx_word' id='word_1_174' title='bbox 794 2802 998 2867; x_wconf 89' lang='lat' dir='ltr'>mundialium</span> <span class='ocrx_word' id='word_1_175' title='bbox 1022 2820 1126 2867; x_wconf 91' lang='lat' dir='ltr'>rernm</span> <span class='ocrx_word' id='word_1_176' title='bbox 1148 2803 1296 2885; x_wconf 86' lang='lat' dir='ltr'>despectu</span> <span class='ocrx_word' id='word_1_177' title='bbox 1320 2803 1430 2888; x_wconf 87' lang='lat' dir='ltr'>suique</span> 
     </span>
     <span class='ocr_line' id='line_1_23' title="bbox 232 2907 1430 2995; baseline 0.005 -23"><span class='ocrx_word' id='word_1_178' title='bbox 232 2907 347 2974; x_wconf 88' lang='lat' dir='ltr'>amoris</span> <span class='ocrx_word' id='word_1_179' title='bbox 370 2911 560 2995; x_wconf 74' lang='lat' dir='ltr'>perfectione</span> <span class='ocrx_word' id='word_1_180' title='bbox 581 2911 728 2994; x_wconf 87' lang='lat' dir='ltr'>probatos</span> <span class='ocrx_word' id='word_1_181' title='bbox 744 2913 869 2978; x_wconf 85' lang='lat' dir='ltr'>invenit.</span> <span class='ocrx_word' id='word_1_182' title='bbox 892 2913 981 2978; x_wconf 90' lang='lat' dir='ltr'>Unde</span> <span class='ocrx_word' id='word_1_183' title='bbox 1003 2913 1057 2977; x_wconf 89' lang='lat' dir='ltr'>uni</span> <span class='ocrx_word' id='word_1_184' title='bbox 1079 2931 1187 2978; x_wconf 88' lang='lat' dir='ltr'>eorum</span> <span class='ocrx_word' id='word_1_185' title='bbox 1208 2931 1281 2977; x_wconf 91' lang='lat' dir='ltr'>cnm</span> <span class='ocrx_word' id='word_1_186' title='bbox 1302 2913 1430 2978; x_wconf 88' lang='lat' dir='ltr'>dixisset</span> 
     </span>
     <span class='ocr_line' id='line_1_24' title="bbox 230 3019 1430 3115; baseline 0.006 -32"><span class='ocrx_word' id='word_1_187' title='bbox 230 3019 322 3084; x_wconf 87' lang='lat' dir='ltr'>tertio</span> <span class='ocrx_word' id='word_1_188' title='bbox 344 3039 462 3086; x_wconf 90' lang='lat' dir='ltr'>amas</span> <span class='ocrx_word' id='word_1_189' title='bbox 485 3023 584 3103; x_wconf 66' lang='lat' dir='ltr'>me‘)</span> <span class='ocrx_word' id='word_1_190' title='bbox 607 3024 706 3088; x_wconf 91' lang='lat' dir='ltr'>eidem</span> <span class='ocrx_word' id='word_1_191' title='bbox 739 3024 830 3089; x_wconf 90' lang='lat' dir='ltr'>tertio</span> <span class='ocrx_word' id='word_1_192' title='bbox 864 3023 1184 3115; x_wconf 22' lang='lat' dir='ltr'>amoremkconfitenti</span> <span class='ocrx_word' id='word_1_193' title='bbox 1206 3026 1281 3090; x_wconf 90' lang='lat' dir='ltr'>tunc</span> <span class='ocrx_word' id='word_1_194' title='bbox 1302 3025 1430 3092; x_wconf 90' lang='lat' dir='ltr'>demum</span> 
     </span>
     <span class='ocr_line' id='line_1_25' title="bbox 230 3130 1431 3219; baseline 0.007 -25"><span class='ocrx_word' id='word_1_195' title='bbox 230 3133 304 3214; x_wconf 86' lang='lat' dir='ltr'>post</span> <span class='ocrx_word' id='word_1_196' title='bbox 326 3130 465 3216; x_wconf 84' lang='lat' dir='ltr'>singulas</span> <span class='ocrx_word' id='word_1_197' title='bbox 487 3136 602 3202; x_wconf 87' lang='lat' dir='ltr'>amoris</span> <span class='ocrx_word' id='word_1_198' title='bbox 626 3133 832 3200; x_wconf 85' lang='lat' dir='ltr'>confessiones</span> <span class='ocrx_word' id='word_1_199' title='bbox 847 3135 1073 3219; x_wconf 87' lang='lat' dir='ltr'>pascendorum</span> <span class='ocrx_word' id='word_1_200' title='bbox 1095 3153 1248 3218; x_wconf 86' lang='lat' dir='ltr'>agnorum</span> <span class='ocrx_word' id='word_1_201' title='bbox 1270 3138 1301 3202; x_wconf 92' lang='lat' dir='ltr'>et</span> <span class='ocrx_word' id='word_1_202' title='bbox 1323 3134 1431 3202; x_wconf 85' lang='lat' dir='ltr'>ovium</span> 
     </span>
     <span class='ocr_line' id='line_1_26' title="bbox 231 3244 499 3328; baseline 0.015 -20"><span class='ocrx_word' id='word_1_203' title='bbox 231 3260 338 3310; x_wconf 88' lang='lat' dir='ltr'>curam</span> <span class='ocrx_word' id='word_1_204' title='bbox 358 3244 499 3328; x_wconf 85' lang='lat' dir='ltr'>injunxit.</span> 
     </span>
    </p>
   </div>
   <div class='ocr_carea' id='block_1_6' title="bbox 682 3579 973 3647">
    <p class='ocr_par' dir='ltr' id='par_1_6' title="bbox 682 3579 973 3647">
     <span class='ocr_line' id='line_1_27' title="bbox 682 3579 973 3647; baseline -0.007 -10"><span class='ocrx_word' id='word_1_205' title='bbox 682 3580 791 3647; x_wconf 82' lang='lat' dir='ltr'>cap.</span> <span class='ocrx_word' id='word_1_206' title='bbox 815 3579 973 3636; x_wconf 84' lang='lat' dir='ltr'>XLIV.</span> 
     </span>
    </p>
   </div>
   <div class='ocr_carea' id='block_1_7' title="bbox 698 3727 959 3818">
    <p class='ocr_par' dir='ltr' id='par_1_7' title="bbox 698 3727 959 3818">
     <span class='ocr_line' id='line_1_28' title="bbox 698 3727 959 3818; baseline 0.011 -24"><span class='ocrx_word' id='word_1_207' title='bbox 698 3727 845 3798; x_wconf 86' lang='lat' dir='ltr'>Urbanus</span> <span class='ocrx_word' id='word_1_208' title='bbox 867 3748 959 3818; x_wconf 87' lang='lat' dir='ltr'>papa.</span> 
     </span>
    </p>
   </div>
   <div class='ocr_carea' id='block_1_8' title="bbox 228 3916 1429 4114">
    <p class='ocr_par' dir='ltr' id='par_1_8' title="bbox 228 3916 1429 4114">
     <span class='ocr_line' id='line_1_29' title="bbox 328 3916 1429 4004; baseline 0.003 -22"><span class='ocrx_word' id='word_1_209' title='bbox 328 3916 491 3982; x_wconf 91' lang='lat' dir='ltr'>Urbanum</span> <span class='ocrx_word' id='word_1_210' title='bbox 514 3935 634 4001; x_wconf 89' lang='lat' dir='ltr'>qnoque</span> <span class='ocrx_word' id='word_1_211' title='bbox 656 3935 774 4000; x_wconf 50' lang='lat' dir='ltr'>papam¹</span> <span class='ocrx_word' id='word_1_212' title='bbox 790 3935 826 3984; x_wconf 91' lang='lat' dir='ltr'>ac</span> <span class='ocrx_word' id='word_1_213' title='bbox 849 3922 1018 4002; x_wconf 84' lang='lat' dir='ltr'>martyrem</span> <span class='ocrx_word' id='word_1_214' title='bbox 1040 3919 1071 3985; x_wconf 89' lang='lat' dir='ltr'>id</span> <span class='ocrx_word' id='word_1_215' title='bbox 1093 3920 1197 4003; x_wconf 89' lang='lat' dir='ltr'>ipsum</span> <span class='ocrx_word' id='word_1_216' title='bbox 1212 3920 1250 3985; x_wconf 91' lang='lat' dir='ltr'>de</span> <span class='ocrx_word' id='word_1_217' title='bbox 1266 3919 1340 3985; x_wconf 89' lang='lat' dir='ltr'>cleri</span> <span class='ocrx_word' id='word_1_218' title='bbox 1357 3937 1429 4004; x_wconf 89' lang='lat' dir='ltr'>per-</span> 
     </span>
     <span class='ocr_line' id='line_1_30' title="bbox 228 4027 1428 4114; baseline 0.002 -20"><span class='ocrx_word' id='word_1_219' title='bbox 228 4027 360 4094; x_wconf 86' lang='lat' dir='ltr'>fectione</span> <span class='ocrx_word' id='word_1_220' title='bbox 394 4045 502 4112; x_wconf 85' lang='lat' dir='ltr'>sapere</span> <span class='ocrx_word' id='word_1_221' title='bbox 524 4047 559 4093; x_wconf 88' lang='lat' dir='ltr'>ox</span> <span class='ocrx_word' id='word_1_222' title='bbox 591 4028 721 4095; x_wconf 90' lang='lat' dir='ltr'>decretis</span> <span class='ocrx_word' id='word_1_223' title='bbox 751 4030 817 4113; x_wconf 88' lang='lat' dir='ltr'>ejus</span> <span class='ocrx_word' id='word_1_224' title='bbox 846 4029 1040 4114; x_wconf 86' lang='lat' dir='ltr'>generalibus</span> <span class='ocrx_word' id='word_1_225' title='bbox 1071 4031 1175 4114; x_wconf 86' lang='lat' dir='ltr'>palam</span> <span class='ocrx_word' id='word_1_226' title='bbox 1203 4033 1261 4110; x_wconf 83' lang='lat' dir='ltr'>est,</span> <span class='ocrx_word' id='word_1_227' title='bbox 1295 4048 1428 4114; x_wconf 89' lang='lat' dir='ltr'>quorum</span> 
     </span>
    </p>
   </div>
   <div class='ocr_carea' id='block_1_9' title="bbox 330 4240 816 4508">
    <p class='ocr_par' dir='ltr' id='par_1_9' title="bbox 330 4240 816 4508">
     <span class='ocr_line' id='line_1_31' title="bbox 332 4240 816 4310; baseline 0.004 -16"><span class='ocrx_word' id='word_1_228' title='bbox 332 4244 350 4308; x_wconf 83' lang='lat'>¹)</span> <span class='ocrx_word' id='word_1_229' title='bbox 371 4241 438 4295; x_wconf 83' lang='lat' dir='ltr'>conf.</span> <span class='ocrx_word' id='word_1_230' title='bbox 458 4243 491 4295; x_wconf 87' lang='lat' dir='ltr'>dc</span> <span class='ocrx_word' id='word_1_231' title='bbox 510 4241 628 4296; x_wconf 84' lang='lat' dir='ltr'>aedificio</span> <span class='ocrx_word' id='word_1_232' title='bbox 647 4243 695 4298; x_wconf 88' lang='lat' dir='ltr'>Dei</span> <span class='ocrx_word' id='word_1_233' title='bbox 716 4258 771 4310; x_wconf 89' lang='lat' dir='ltr'>cap.</span> <span class='ocrx_word' id='word_1_234' title='bbox 792 4240 816 4298; x_wconf 88' lang='grc'>3.</span> 
     </span>
     <span class='ocr_line' id='line_1_32' title="bbox 332 4340 583 4410; baseline 0.012 -17"><span class='ocrx_word' id='word_1_235' title='bbox 332 4340 353 4410; x_wconf 82' lang='lat'>⁸)</span> <span class='ocrx_word' id='word_1_236' title='bbox 372 4342 455 4394; x_wconf 77' lang='lat' dir='ltr'>naeth.</span> <span class='ocrx_word' id='word_1_237' title='bbox 476 4342 518 4397; x_wconf 82' lang='lat'>19.</span> <span class='ocrx_word' id='word_1_238' title='bbox 539 4343 583 4396; x_wconf 77' lang='lat'>27.</span> 
     </span>
     <span class='ocr_line' id='line_1_33' title="bbox 330 4437 562 4508; baseline 0.004 -17"><span class='ocrx_word' id='word_1_239' title='bbox 330 4445 350 4508; x_wconf 58' lang='grc' dir='ltr'>ὃ)</span> <span class='ocrx_word' id='word_1_240' title='bbox 368 4441 432 4495; x_wconf 88' lang='lat' dir='ltr'>Luc.</span> <span class='ocrx_word' id='word_1_241' title='bbox 453 4437 497 4493; x_wconf 85' lang='lat'>14.</span> <span class='ocrx_word' id='word_1_242' title='bbox 519 4439 562 4495; x_wconf 85' lang='lat'>33.</span> 
     </span>
    </p>
   </div>
   <div class='ocr_carea' id='block_1_10' title="bbox 328 4537 702 4608">
    <p class='ocr_par' dir='ltr' id='par_1_10' title="bbox 328 4537 702 4608">
     <span class='ocr_line' id='line_1_34' title="bbox 328 4537 702 4608; baseline 0 -14"><span class='ocrx_word' id='word_1_243' title='bbox 328 4537 702 4608; x_wconf 59' lang='lat' dir='ltr'>mmmmmm</span> 
     </span>
    </p>
   </div>
   <div class='ocr_carea' id='block_1_11' title="bbox 0 0 1590 5202">
    <p class='ocr_par' dir='ltr' id='par_1_11' title="bbox 0 0 1590 5202">
     <span class='ocr_line' id='line_1_35' title="bbox 0 0 1590 5202; baseline 0 2"><span class='ocrx_word' id='word_1_244' title='bbox 0 0 1590 5202; x_wconf 95' lang='lat' dir='ltr'> </span> 
     </span>
    </p>
   </div>
  </div>
 </body>
</html>
