3168 5190
261 445 326 511 260

259 618 340 682 idest
354 616 489 681 Paulum
505 615 743 681 samosatenum
758 618 793 696 ¹),
816 614 1009 693 Nestorium,
1025 615 1194 681 Photiuum
1206 633 1241 681 ac
1257 616 1317 682 sibi
1331 635 1464 682 consen:

258 729 370 795 tientes
393 728 600 794 anathematis
622 747 769 794 mucrone
790 728 959 814 percussit,
991 729 1068 813 quae
1091 731 1122 792 et
1144 745 1268 794 carnem
1298 726 1393 791 Verbi
1416 728 1467 791 vi·

259 840 460 906 ducatricem
483 840 583 904 dicere
605 858 667 904 nou
690 840 853 905 dubitavit.
878 843 988 922 ltaque
1009 839 1103 904 homo
1120 857 1138 902 a
1153 838 1255 904 Verbo
1279 843 1465 922 assumptus

257 970 320 1016 nou
341 951 549 1035 nuncupativo
572 951 675 1016 solum
699 953 753 1016 sed
775 951 981 1016 essentialiter
1004 951 1088 1015 Deus
1113 955 1169 1031 est,
1194 971 1229 1017 eo
1254 955 1335 1036 quod
1356 954 1461 1020 virtus

259 1062 441 1146 divinitatis,
465 1080 544 1146 quae
566 1066 614 1128 est
637 1062 803 1129 vivificatio
827 1063 947 1127 animae
962 1063 994 1127 in
1009 1082 1044 1126 eo
1060 1065 1185 1148 praeter
1206 1064 1376 1128 essentiam
1398 1084 1465 1130 nou

259 1176 316 1240 est.
339 1173 400 1240 Sed
422 1192 492 1239 ecoe
514 1177 622 1239 nostro
644 1176 675 1237 in
698 1178 837 1257 tempore
859 1192 985 1239 rursum
1000 1173 1154 1238 Photinus
1177 1175 1271 1257 atque
1294 1174 1464 1241 Nestorius

259 1284 389 1369 emergit
410 1282 450 1350 ab
472 1283 579 1350 inieris
603 1284 635 1349 in
656 1284 834 1349 hominibus
856 1283 1014 1350 homiuem
1031 1283 1195 1350 Christum
1218 1301 1275 1348 sua
1298 1283 1464 1351 diuinitate

259 1394 463 1479 spoliantibus
480 1398 511 1459 et
527 1414 653 1460 carnem
665 1396 780 1462 Christi
802 1397 894 1461 latria
916 1396 1077 1480 indignam
1095 1394 1308 1479 judicantibus
1325 1413 1461 1480 eamque

258 1523 318 1570 non
341 1505 532 1572 adorandam
548 1508 603 1571 sed
618 1507 720 1572 Verbo
743 1508 970 1573 coadorandam
993 1508 1082 1591 quasi
1105 1507 1238 1572 alterum
1261 1507 1351 1572 alteri
1373 1506 1463 1572 blas-

257 1615 487 1700 phemantibus.
531 1617 654 1683 Etenim
676 1619 849 1700 spiritus
873 1622 951 1698 est,
984 1619 1137 1702 inquiunt,
1173 1618 1241 1701 qui
1263 1618 1463 1684 vivificat

257 1745 347 1792 caro
370 1747 446 1792 non
467 1729 638 1810 prodest
660 1727 919 1814 quicquaml),
944 1729 1034 1812 quasi
1057 1749 1114 1795 nos
1138 1731 1256 1794 nudam
1277 1747 1403 1795 carnem
1428 1736 1461 1795 et

257 1857 319 1902 nou
340 1841 446 1923 potius
470 1856 595 1904 carnem
619 1841 733 1908 Christi
768 1844 815 1906 uel
839 1861 963 1908 carnem
986 1839 1146 1907 Christum
1168 1841 1360 1906 adorandum
1385 1859 1461 1906 ceu-

258 1968 391 2015 seamus.
425 1951 549 2017 Etenim
571 1970 642 2016 caro
665 1953 692 2017 si
715 1972 827 2018 nomen
850 1954 953 2019 solum
968 1957 1099 2018 naturae
1121 1951 1230 2017 feceris
1254 1955 1285 2015 et
1307 1971 1367 2016 nou
1392 1971 1463 2017 car·

257 2078 329 2125 nem
351 2061 466 2127 Christi
489 2064 537 2127 vel
561 2064 720 2129 Christum
743 2083 866 2130 carnem
888 2064 1074 2130 intellexeris
1098 2082 1160 2126 non
1182 2064 1284 2126 solum
1306 2079 1375 2126 eam
1397 2082 1461 2127 non

258 2171 392 2264 adorabo
424 2173 478 2236 sed
508 2177 539 2238 et
563 2174 763 2239 maledictum
796 2175 963 2258 pronuntio
997 2173 1154 2239 hominem
1188 2171 1395 2238 confidentem
1429 2174 1461 2237 in

257 2280 383 2348 homine
405 2285 436 2348 et
458 2286 626 2365 ponentem
648 2303 773 2350 caruem
804 2285 965 2351 brachium
988 2303 1078 2350 suum
1103 2289 1133 2348 et
1156 2283 1243 2367 eujus
1267 2302 1321 2348 cor
1343 2283 1462 2348 recedit

258 2392 475 2477 aDomino.⁸)

357 2481 402 2545 At
435 2480 487 2565 qui
521 2479 648 2545 conlidit
679 2481 712 2545 iu
744 2482 868 2547 homine
902 2483 1025 2549 Christo
1059 2500 1120 2545 non
1154 2481 1221 2564 eJus
1257 2497 1311 2544 cor
1343 2478 1460 2543 recedit

257 2609 277 2656 a
297 2590 445 2671 Domino,
468 2591 582 2658 etenim
594 2591 735 2657 Christus
760 2594 911 2658 Dominus
934 2597 982 2658 est
1004 2597 1035 2658 et
1057 2613 1149 2676 super
1171 2593 1275 2657 omnia
1295 2593 1382 2656 Deus
1404 2591 1460 2655 be·

257 2702 398 2769 nedictus
413 2703 445 2767 in
460 2701 622 2786 saeculal)
644 2701 698 2780 At,
718 2703 870 2786 inquiunt,
887 2704 1037 2786 numquid
1049 2703 1190 2770 Christus
1214 2706 1245 2767 et
1259 2720 1331 2768 caro
1344 2701 1461 2768 Christi

257 2815 307 2881 rel
329 2833 400 2881 caro
421 2813 514 2881 Verbi
536 2832 607 2878 caro
631 2815 800 2878 seeundum
819 2817 961 2877 naturam
983 2832 1045 2878 non
1068 2816 1141 2877 est?
1164 2812 1309 2879 Salvatur
1324 2811 1409 2878 euim
1425 2811 1457 2877 in

257 2926 324 3010 ipso
347 2928 478 3008 utraque
499 2924 532 2988 in
554 2924 619 2989 suis
641 2923 813 2988 rationibus
837 2927 957 3002 natura,
981 2926 1016 2988 ut
1038 2925 1146 2989 eadem
1169 2943 1240 2989 caro
1256 2927 1287 2988 et
1302 2924 1459 2989 adoranda

258 3035 300 3100 sit
323 3036 395 3119 quia
416 3053 488 3099 earo
510 3033 627 3100 Christi
649 3035 698 3099 uel
720 3053 790 3099 cauo
808 3034 953 3100 Christus
973 3039 1030 3114 est,
1054 3039 1086 3100 et
1100 3036 1208 3101 eadem
1222 3052 1284 3099 uon
1299 3034 1457 3098 adoranda
1563 3021 1564 3029 ¹

258 3145 330 3229 quia
352 3163 423 3210 caro
457 3147 627 3211 secundum
649 3148 793 3210 naturam
816 3147 889 3210 est?
932 3145 993 3211 Sed
1015 3144 1139 3210 absita
1161 3163 1221 3224 me,
1252 3148 1287 3209 ut
1309 3163 1458 3228 umquam

257 3255 359 3322 dicam
380 3258 430 3322 vel
451 3257 584 3322 sentiam
601 3275 725 3322 carnem
741 3256 858 3323 Christi
879 3257 1111 3322 vivificatricem
1130 3259 1161 3320 et
1176 3273 1256 3340 quae
1277 3275 1348 3321 vere
1370 3255 1458 3320 cibus

257 3367 432 3433 animarum
454 3370 512 3446 est,
535 3386 597 3432 uon
619 3387 686 3433 esse
709 3368 909 3433 adorandam.
942 3366 1006 3432 Sed
1029 3387 1090 3431 non
1110 3385 1166 3451 pro
1190 3366 1326 3450 qualibet
1359 3384 1454 3432 causa

257 3497 327 3544 eam
349 3478 554 3562 pronuntiabo
588 3480 786 3544 adorandam.
832 3479 920 3544 Unde
944 3477 971 3542 si
993 3477 1121 3558 dixeris,
1155 3497 1226 3544 earo
1249 3477 1364 3545 Christi
1387 3478 1459 3561 quia

257 3606 329 3655 caro
351 3593 400 3654 est
422 3567 577 3655 adoranda
598 3608 660 3654 non
682 3594 732 3654 est
753 3594 785 3655 et
805 3589 914 3655 leceris
937 3588 1169 3674 hypotheticam
1191 3591 1359 3670 causalem,
1381 3607 1458 3673 quae

257 3696 371 3763 haheat
391 3699 424 3763 in
445 3701 638 3764 antecedenti
672 3700 744 3783 quia
778 3719 849 3766 caro
881 3703 930 3765 est
961 3703 992 3765 et
1021 3700 1053 3765 iu
1076 3701 1276 3784 consequenti
1308 3701 1397 3784 quasi
1419 3698 1459 3763 ah

258 3809 410 3894 oppositis
432 3809 547 3874 inieras
570 3811 728 3875 adoranda
749 3830 811 3876 non
834 3815 891 3890 est,
925 3813 1080 3896 quomodo
1104 3811 1131 3876 si
1153 3811 1238 3876 dicas
1262 3811 1299 3874 de
1321 3809 1455 3888 Christo,

258 3918 401 3986 Christus
424 3920 497 4005 quia
518 3921 611 3986 homo
635 3925 684 3987 est
706 3913 794 3986 Deu's
817 3942 879 3987 nou
903 3926 960 4002 est,
982 3921 1187 3988 falsissimum
1210 3940 1268 4004 ego
1292 3924 1387 3987 talem
1410 3921 1458 3985 in·

257 4029 416 4096 tellectum
442 4029 548 4112 judico
582 4036 614 4097 et
646 4036 723 4116 puto
758 4032 858 4097 omnis
893 4030 985 4097 homo
1019 4033 1091 4098 fidei
1114 4034 1297 4100 strationis
1328 4051 1457 4117 compos

258 4157 391 4206 mecum.
416 4139 450 4206 Si
471 4143 577 4206 autem
598 4142 826 4226 cathegoricam
841 4143 950 4208 leceris
966 4148 997 4208 et
1012 4143 1302 4211 determinationem
1318 4145 1456 4230 exparte

259 4251 428 4334 praedicati
449 4252 591 4336 posueris
605 4254 759 4336 quomodo
783 4253 809 4319 si
829 4253 930 4320 dicas:
960 4254 1076 4322 Christi
1098 4273 1179 4336 caro,
1203 4275 1266 4322 nou
1288 4261 1361 4340 qula
1384 4271 1454 4320 caro

261 4380 508 4390 —-..-——-——-

360 4423 380 4491 ¹)
398 4426 455 4478 eod.
475 4426 565 4492 pplum
590 4441 755 4481 samosauum.
784 4461 814 4469 -
844 4429 1065 4498 elcesaeos.
1092 4461 1124 4471 -
1153 4429 1176 4499 ³)
1193 4432 1287 4487 larem.
1314 4429 1357 4484 17.
1377 4429 1405 4491 ir,
1424 4459 1456 4470 -

257 4514 279 4584 ⁴)
298 4518 369 4572 Rom.
389 4515 415 4573 9.
436 4517 462 4571 5.
