3172 5202
245 402 307 469 176

245 595 337 642 snum
360 575 493 642 stabiliri
515 577 602 643 sciat.
626 576 772 643 Imitetur
794 595 846 642 rex
869 577 917 642 vel
938 576 1108 660 imperator
1129 575 1341 646 humilitatem
1365 580 1456 649 (lon-

244 687 372 752 stantini
394 687 529 772 piissimi
558 688 706 774 principis
738 688 913 754 sacerdotes
936 690 1099 772 tamquam
1120 693 1225 774 patres
1249 695 1280 758 et
1302 693 1453 758 dominos

243 796 448 863 honorantem
470 817 655 882 summoque
677 797 824 864 Pontifici
855 797 949 863 etiam
972 800 1114 866 stratoris
1138 800 1277 868 officium
1301 801 1457 868 exhiben-

244 910 347 992 tem.¹)
370 907 539 976 Imitentur
559 909 727 977 Pontifices
743 909 930 976 Silvestrum
952 910 1102 976 honorem
1124 911 1278 996 ejusmodi
1299 932 1362 980 non
1385 915 1457 981 exi·

242 1028 367 1107 gentem
390 1023 445 1088 sed
467 1022 506 1086 ad
527 1021 677 1088 honorem
715 1021 773 1087 Dei
796 1024 827 1088 et
849 1022 996 1088 eeclesiae
1017 1021 1068 1087 vix
1089 1023 1317 1091 admittentem.
1361 1023 1453 1090 Nam

243 1134 270 1198 si
292 1153 364 1200 eum
386 1131 535 1200 Silvester
564 1134 652 1217 quasi
686 1135 734 1199 vel
767 1135 857 1199 ineo
881 1134 1016 1199 exhibito
1052 1152 1130 1200 vane
1162 1137 1314 1220 gloriatus
1336 1134 1455 1204 fuisset

243 1265 279 1312 ax
301 1246 405 1313 debito
428 1240 589 1332 exegisset,
612 1245 652 1311 ab
675 1246 819 1332 Augusto
842 1248 951 1330 utique
973 1247 1045 1312 licet
1066 1246 1210 1332 piissimo
1232 1249 1318 1313 velut
1340 1266 1455 1332 super-

243 1357 303 1424 bus
325 1361 356 1424 et
377 1359 513 1425 insolens
537 1361 661 1443 spretus
679 1357 751 1442 jure
774 1357 895 1424 luisset.
923 1357 1016 1424 Nunc
1038 1378 1110 1425 uero
1135 1363 1166 1425 et
1188 1360 1251 1440 ille,
1275 1359 1327 1444 qui
1350 1361 1454 1425 eccle·

244 1470 308 1536 siae
329 1473 509 1555 persecutor
533 1471 686 1549 extiterat,
709 1472 871 1553 tamquam
892 1489 949 1556 pro
971 1470 1156 1555 ignorantiis
1178 1469 1332 1554 prioribus
1356 1471 1454 1536 satis-

244 1580 362 1646 faciens
384 1579 570 1647 humilitatis
604 1580 757 1664 ejusmodi
790 1579 915 1645 schema
948 1581 1096 1646 divinitus
1118 1581 1288 1664 inspiratus
1312 1579 1454 1646 exhibuit

245 1695 276 1757 et
291 1693 435 1758 sacerdos
457 1691 660 1758 nihilominus
676 1692 803 1757 humilis
820 1689 974 1775 ejusmodi
988 1692 1255 1758 honorificentiam
1277 1710 1339 1758 non
1359 1709 1452 1757 suam

245 1803 300 1869 sed
321 1803 390 1884 Dei,
412 1806 449 1869 ut
471 1803 589 1869 dictum
613 1806 669 1884 est,
695 1806 867 1887 quaerendo
891 1805 1024 1888 gloriam
1039 1803 1156 1888 partim
1170 1804 1308 1884 admisit,
1331 1803 1450 1888 partim
1574 1815 1575 1880 ς

227 1928 379 1997 'quoque
412 1917 449 1980 ut
469 1914 502 1980 in
522 1915 619 1998 gestis
642 1917 859 1983 ecelesiasticis
881 1916 1005 2001 legitur,
1034 1917 1180 2000 prudenti
1201 1916 1380 1988 humilitate
1401 1935 1454 1981 re·

245 2027 334 2109 pulit,
357 2043 430 2092 uam
445 2045 591 2094 coronam
608 2047 643 2094 ex
657 2046 732 2095 auro
747 2026 952 2096 fabrefactam
975 2045 1106 2094 coronae
1128 2027 1262 2094 clericali
1284 2027 1453 2111 superponi
1574 2035 1575 2080 t

246 2153 357 2220 passus
380 2155 442 2202 non
465 2140 521 2204 est.

347 2246 392 2314 At
413 2270 495 2318 nunc
517 2252 592 2317 dum
614 2252 786 2318 animosius
819 2253 894 2318 talia
929 2252 988 2318 sub
1022 2251 1148 2319 nomine
1170 2254 1201 2318 et
1232 2251 1334 2317 officio
1367 2269 1453 2317 mar-

247 2361 341 2428 scalci
364 2362 528 2446 exiguntur
550 2380 612 2427 nou
635 2363 750 2427 mirum
773 2363 800 2427 si
823 2381 842 2428 a
864 2363 988 2448 regibus
1012 2365 1044 2429 et
1065 2361 1305 2449 imperatoribus
1338 2362 1452 2428 minori

248 2471 425 2556 dignatione
448 2473 619 2540 redduntur
641 2477 696 2540 aut
719 2475 843 2540 omnino
867 2477 1030 2559 negantur.
1061 2475 1101 2541 ht
1123 2474 1249 2557 quidem
1273 2472 1452 2542 consanu-
1574 2549 1575 2556 ἵ

247 2601 323 2649 num
346 2583 499 2667 ejusmodi
520 2584 729 2652 humilitatem
763 2607 798 2651 ex
827 2586 896 2670 piae
918 2586 1031 2652 mentis
1056 2584 1240 2670 complacito
1275 2581 1452 2650 exhibuisse

247 2695 381 2779 legimus
412 2696 466 2762 sed
493 2715 563 2760 eum
587 2698 818 2764 successoribus
852 2697 917 2762 suis
939 2694 1179 2781 imperatoribus
1206 2696 1289 2761 idem
1318 2693 1451 2760 iaciendi

248 2807 350 2892 legem
383 2808 520 2873 sanxisse
554 2813 609 2873 aut
641 2810 736 2875 etiam
767 2807 885 2874 sancire
917 2809 1059 2892 potuisse
1080 2809 1130 2874 vel
1151 2826 1346 2874 successores
1384 2805 1451 2889 ejus

249 2915 445 2998 Gratianum,
480 2911 691 2998 Jovinianum,
727 2919 937 2986 Theodosium
970 2918 1146 2986 exhibuisse
1175 2917 1372 2985 nesscimus
1395 2936 1453 2982 noe

249 3028 392 3113 legimus.
438 3029 484 3095 At
505 3048 577 3094 vero
601 3031 676 3095 dum
697 3033 863 3116 imperium
897 3032 1102 3099 christianum
1125 3031 1309 3116 bipartitum
1331 3031 1451 3096 lactum

251 3143 308 3221 est,
333 3141 675 3227 Constantinopolitano
710 3144 864 3228 siquidem
903 3163 936 3210 se
958 3162 1020 3209 non
1042 3144 1198 3209 immerito
1231 3144 1452 3228 imperatorem

251 3249 407 3317 scribente
439 3251 508 3317 ideo
532 3254 614 3335 quod
636 3253 804 3338 imperialis
839 3256 927 3320 sedes
950 3274 1004 3338 per
1027 3254 1269 3322 Constantinum
1292 3272 1327 3319 eo
1350 3255 1454 3317 trans-

250 3365 315 3432 lata
336 3365 386 3445 sit,
420 3366 611 3432 Francorum
634 3386 755 3450 quoque
778 3368 903 3452 regibus
933 3388 969 3433 ex
991 3367 1103 3432 merito
1127 3385 1201 3432 suae
1222 3363 1454 3430 beneficientiae

251 3494 290 3543 ac·
319 3475 462 3542 laborum
500 3496 573 3562 erga
606 3479 780 3544 Romanam
817 3477 926 3544 urbem
948 3482 980 3544 et
1002 3477 1165 3544 eeclesiam
1198 3497 1233 3542 ex
1265 3475 1452 3560 complacito

252 3588 464 3654 Romanorum
487 3590 518 3653 in
540 3589 706 3672 imperium
739 3589 909 3675 promotis,
942 3589 1045 3672 potuit
1066 3589 1099 3654 in
1120 3589 1175 3655 illo
1197 3585 1384 3672 complacito
1418 3603 1454 3649 ex

253 3698 447 3764 conniventia
479 3701 642 3783 utriusque
662 3701 761 3784 partis
784 3701 879 3765 etiam
900 3699 986 3766 istud
1008 3701 1210 3784 complacere,
1246 3702 1282 3764 ut
1304 3697 1375 3764 talis
1396 3696 1455 3762 ho·

253 3809 444 3876 noriticentia
477 3811 514 3874 de
547 3813 653 3896 strepa
676 3831 730 3876 seu
753 3810 839 3876 lreno
879 3812 1010 3876 tenendo
1033 3810 1182 3877 Romanis
1205 3806 1454 3876 Pontificibusa

254 3919 379 4004 regibus
402 3922 450 3988 uel
472 3914 713 4009 imperatoribus
737 3925 853 3989 eisdem
875 3922 1080 4003 exhiberetur,
1104 3923 1158 3990 sed
1181 3939 1242 4006 quo
1264 3920 1371 3988 huctu
1392 3917 1455 4003 ipsi

254 4032 396 4099 viderint.
440 4032 525 4099 Nam
546 4033 623 4099 mihi
644 4034 767 4101 ridetur
800 4035 870 4100 talis
904 4033 1044 4117 obsequii
1077 4031 1224 4102 exhibitio
1258 4029 1361 4116 magis
1382 4028 1455 4094 hino

255 4142 426 4229 superbiae,
449 4144 521 4211 hinc
543 4164 615 4212 vero
630 4145 851 4231 indignationis
865 4147 897 4211 et
912 4142 975 4211 odii
989 4142 1134 4209 tomitem
1147 4141 1336 4222 ministrare,
1360 4155 1456 4224 qnam

255 4257 292 4319 ut
313 4253 424 4352 aliquis
447 4253 518 4322 inde
537 4255 657 4324 fructus
681 4256 827 4326 salutaris
841 4255 1012 4343 proueniat.
1036 4255 1120 4323 Dum
1142 4252 1225 4321 enim
1246 4251 1381 4320 Romani
1403 4268 1457 4316 oc·

457 4420 505 4428 -η

362 4491 380 4558 ¹)
401 4491 435 4544 de
453 4494 537 4558 quart.
557 4492 608 4556 rig.
629 4496 694 4544 noct
715 4489 758 4558 12,
778 4491 812 4542 da
830 4489 920 4543 ordine
940 4488 997 4542 don.
1017 4487 1085 4555 Spir.
1104 4504 1125 4540 s.
1144 4485 1192 4541 lib.
1211 4485 1234 4540 1.
1253 4500 1309 4552 cap.
1331 4483 1374 4538 11.
