3168 5214
1283 363 1346 428 373

139 529 286 597 Trinitas
308 548 388 596 unus
412 528 500 596 Dens
522 531 604 615 apud
625 549 682 599 nos
704 531 827 615 hospita
850 540 881 599 et
903 551 1029 600 vescens
1043 535 1239 618 agnoscitur,
1272 553 1346 601 nos-

139 659 209 724 que
232 659 337 708 semen
358 639 503 708 Abrahae
525 644 589 707 tres
610 642 702 708 unius
725 645 846 727 generis
869 661 966 729 panes
989 644 1021 708 in
1045 643 1185 726 ejusdem
1218 648 1345 710 sanotae

140 751 313 818 Trinitatis
336 755 368 817 et
389 750 518 818 unitatis
537 753 598 820 fide
620 771 655 820 ae
678 755 841 820 dilectione
865 755 980 822 Christi
1014 756 1180 824 vesoendos
1214 757 1344 842 apponi·

139 881 228 931 mus.
272 863 334 927 Sed
366 867 398 929 et
431 882 501 930 eum
531 882 610 948 pane
654 883 760 932 earnes
791 867 881 932 vituli
914 867 1023 950 optimi
1059 870 1153 951 atque
1185 867 1343 934 tenerrimi

137 973 300 1057 simulque
321 973 469 1058 butyrum
503 975 673 1056 offerimus,
708 997 780 1042 eum
813 978 845 1043 in
875 997 937 1044 una
973 978 1099 1043 Domini
1133 977 1231 1045 nostri
1261 977 1340 1044 Jesu

137 1082 261 1148 Christi
283 1104 415 1169 persona
438 1089 500 1152 tres
524 1089 674 1154 essentias
704 1090 807 1160 unitas
841 1109 902 1156 una
934 1088 1113 1155 adoratione
1142 1105 1337 1155 veneramur:

135 1193 274 1278 inpane
296 1194 446 1276 Verbum,
469 1198 611 1264 invitali
634 1200 778 1265 earnibns
803 1219 926 1267 carnem
948 1199 1051 1280 Verbi,
1083 1200 1115 1265 in
1137 1198 1249 1283 butyro
1272 1198 1338 1263 eni·

136 1321 227 1370 mam
249 1306 349 1373 earnis
372 1311 577 1392 agnoscentes
599 1309 733 1392 Spiritus
756 1313 855 1378 saneti
880 1312 1066 1398 pinguedine
1089 1310 1272 1395 saginatam.

643 1596 827 1664 ὼμΧ

134 1765 221 1834 Item
241 1767 324 1855 qnod
345 1786 369 1835 s.
396 1767 540 1836 Trinitas
562 1769 597 1835 in
619 1767 724 1836 tribus
746 1768 944 1856 patriarehis
965 1768 1137 1852 Abraham,
1175 1769 1267 1837 lsaae
1301 1770 1334 1836 et

432 1879 535 1948 Jaoob
557 1879 738 1948 assimilata
761 1881 805 1948 sit
828 1882 862 1948 et
884 1879 1035 1968 qualiter.

236 2065 318 2149 Quid
339 2065 390 2132 hio
411 2070 677 2134 sacramentorum
716 2069 757 2134 ad
791 2068 885 2136 fidem
921 2069 1083 2137 Trinitatis
1112 2069 1332 2154 pertinentium

24 2207 27 2222 ·
136 2181 194 2260 est,
230 2180 490 2263 praetermissum
513 2187 570 2264 est,
605 2183 658 2250 ubi
694 2187 726 2250 et
758 2183 849 2248 unius
886 2182 1006 2247 divinae
1036 2182 1165 2245 naturae
1200 2179 1233 2243 in
1261 2197 1332 2262 per·

132 2289 220 2354 sonis
242 2291 416 2375 proprietas
439 2293 595 2380 triumque
616 2311 820 2377 personarum
842 2294 874 2358 in
898 2293 1031 2360 essentia
1047 2291 1150 2358 unitas
1166 2308 1331 2376 praemon-

130 2403 232 2466 strata
254 2405 311 2484 est,
334 2405 366 2468 et
387 2402 483 2468 trium
504 2407 688 2471 naturarum
709 2405 742 2469 in
764 2422 858 2469 unam
885 2403 1001 2471 Christi
1030 2420 1198 2487 personam
1229 2401 1328 2468 unitio

129 2512 331 2598 praesignata
368 2518 425 2581 est.
490 2515 622 2580 Perinde
662 2532 698 2580 ea
737 2518 845 2580 saneta
884 2514 1020 2580 Trinitas
1066 2515 1097 2578 in
1131 2513 1230 2579 tribus
1266 2513 1329 2579 illis

128 2623 319 2709 patriarchis
342 2624 511 2705 Abraham,
535 2627 624 2692 Isaeo
646 2630 677 2693 et
696 2625 805 2706 Jacob,
830 2641 922 2709 quam
944 2642 1014 2690 vere
1043 2628 1075 2689 et
1106 2624 1228 2708 proprie
1250 2625 1330 2690 assi-

128 2734 241 2800 milata
263 2736 313 2816 sit,
339 2738 598 2819 quemadmodum
620 2739 652 2803 in
673 2737 824 2823 propheta
846 2737 913 2820 ipse
945 2735 1097 2802 Dominus
1131 2737 1184 2816 ait,
1219 2753 1328 2819 quo·

125 2848 460 2914 niaminmanu
497 2849 830 2934 prophetarum
864 2848 1161 2915 assimilatus
1194 2846 1326 2932 surn')

125 2958 222 3042 hujus
245 2957 406 3026 brevitatis
429 2962 569 3027 evolvere
604 2978 666 3026 non
703 2963 761 3041 est,
798 2960 941 3044 quamvis
974 2963 1079 3025 tamen
1116 2958 1220 3042 aliqua
1254 2958 1325 3024 inde

125 3070 337 3156 perstringere
367 3090 429 3140 non
465 3072 580 3157 pigeat.
623 3070 784 3138 Abraham
820 3090 953 3156 namque
986 3072 1060 3136 dum
1094 3069 1194 3135 filium
1231 3089 1323 3136 snum

125 3181 252 3262 liberae,
277 3181 370 3249 Sarae
392 3183 535 3264 uidelicet
557 3184 678 3266 matris¹
701 3184 896 3270 unigenitum
917 3183 1050 3249 Domino
1087 3179 1209 3265 jubenti
1236 3179 1325 3246 holo·

125 3298 271 3364 eaustum
292 3299 381 3378 parat
403 3298 434 3362 et
456 3294 549 3377 filius,
563 3297 637 3374 dum
658 3297 741 3381 patri
759 3298 798 3362 ad
813 3299 948 3362 mortem
963 3292 1156 3360 subeundam
1169 3292 1324 3376 patienter

126 3405 241 3487 obedit,
264 3407 415 3491 numquid
436 3426 498 3474 non
520 3412 610 3494 pater
632 3409 762 3476 offerens
784 3408 929 3492 filiusque
951 3405 1096 3472 obediens
1129 3403 1230 3468 Patris
1266 3403 1323 3472 Dei

125 3518 260 3602 Filiique
282 3518 330 3584 sui
352 3519 505 3604 unigeniti
525 3538 580 3604 pro
613 3518 703 3584 nobis
736 3538 772 3584 ex
803 3518 963 3585 voluntate
998 3517 1101 3582 Patris
1138 3511 1235 3577 oblati
1271 3530 1322 3576 ox·

124 3646 266 3714 pressam
287 3628 460 3715 praetulere
481 3629 622 3714 figuram.
659 3628 818 3712 Siquidem
841 3632 872 3695 et
895 3626 976 3712 quod
997 3624 1080 3690 filius
1103 3624 1320 3688 holooaustum

125 3739 227 3809 taetus
249 3739 375 3822 insuper
399 3737 475 3804 vixit
497 3737 600 3806 oblato
621 3757 678 3823 pro
701 3739 768 3822 ipso
791 3738 896 3822 ariete,
910 3738 962 3822 qui
983 3737 1064 3802 inter
1078 3720 1320 3845 'vepresxhaere

125 3848 180 3915 bat
202 3847 357 3933 cornibus,
379 3850 439 3916 hoe
460 3847 679 3933 mystifieabat,
704 3851 786 3934 quod
812 3849 894 3915 idem
931 3848 1083 3915 Dominus
1116 3849 1222 3910 noster
1259 3844 1319 3909 Dei

124 3962 227 4028 Patris
250 3962 428 4047 unigenitus
451 3962 510 4027 etsi
532 3965 673 4031 mortuus
711 3963 759 4028 est
793 3961 955 4050 oruoisque
993 3958 1138 4025 cornibus
1172 3956 1318 4023 haerebat

124 4092 159 4138 er
180 4075 288 4140 nostra
309 4073 499 4158 infirmitate,
523 4073 600 4146 uiuit
621 4077 726 4142 tamen
763 4077 855 4158 atque
877 4075 909 4138 in
945 4073 1013 4156 ipsa
1046 4074 1146 4137 morte
1175 4070 1250 4135 vixit
1279 4088 1315 4134 er

123 4183 237 4249 uirtute
259 4182 330 4250 Dei.
376 4185 560 4270 Quaetiam
582 4185 697 4254 virtute
718 4185 775 4250 Dei
799 4187 984 4278 potestatem
1018 4181 1152 4249 habebat
1183 4181 1315 4266 ponendi

226 4421 432 4493 DQWD
