3172 5202
1280 433 1342 501 153

131 635 201 686 non
222 615 331 697 credit,
354 611 489 680 maximo
505 613 611 678 tamar
625 608 733 677 labore
748 627 815 690 suo,
837 611 870 676 in
885 610 1024 677 medium
1045 608 1186 677 hostium
1207 607 1341 673 adducta

132 731 244 814 sicque
265 725 306 794 ab
327 723 471 793 hostibus
494 722 631 806 undique
645 723 746 789 cincta
762 726 819 802 est,
842 726 879 790 ut
897 723 925 789 ei
939 742 995 808 pro
1011 721 1198 790 victualibus
1222 724 1343 809 qnaeri-

132 839 242 908 tandis
263 837 368 904 nullus
390 835 616 920 relinqueretur
650 834 827 919 egrediendi
849 837 899 901 vel
916 835 1108 920 ingrediendi
1130 836 1227 917 locus,
1260 835 1345 903 haud

132 970 230 1020 secus
252 967 347 1034 qnam
369 947 396 1013 si
419 965 583 1012 murorum
603 944 724 1012 ambitu
746 945 840 1012 simul
863 949 895 1013 et
917 946 1077 1014 obsidione
1099 948 1200 1014 cincta
1222 946 1343 1013 inisset.

134 1065 243 1132 Immo
267 1079 339 1128 vero
363 1058 480 1126 stillio
502 1058 535 1123 in
558 1056 718 1123 obsidione
740 1058 885 1124 videlicet
907 1058 1177 1144 ierosolymorum
1199 1058 1281 1123 muri
1305 1057 1344 1122 ad

133 1179 263 1257 tempus
285 1170 391 1238 hortm
414 1168 571 1249 arcebant,
605 1169 687 1236 cives
712 1168 889 1250 tuebantur,
924 1168 975 1236 hic
995 1188 1068 1236 vero
1091 1189 1148 1235 nec
1168 1170 1266 1235 muris
1289 1187 1346 1234 nec

133 1286 222 1352 vallo
245 1282 443 1350 obstantibus
458 1280 599 1347 hostium
614 1281 739 1365 sagittis
755 1281 890 1366 undique
906 1300 1031 1348 versum
1045 1281 1176 1368 patebat
1190 1299 1345 1349 accessus.

136 1399 184 1465 loc
205 1397 251 1464 illi
284 1395 410 1480 quidem
443 1391 538 1459 validi
570 1391 672 1459 adhuc
706 1411 835 1479 corpore
858 1397 890 1459 et
912 1394 1024 1460 animis
1060 1393 1220 1459 obsidione
1252 1391 1346 1458 cincti

135 1511 225 1589 sunt,
258 1507 336 1572 istos
370 1522 442 1571 vero
476 1521 605 1588 corpore
634 1504 726 1571 simul
750 1505 915 1571 etanimis
938 1505 1113 1585 exlatere,
1146 1503 1230 1569 lame
1252 1503 1347 1570 simul

135 1626 173 1688 et
193 1620 377 1686 infirmitate
411 1617 535 1684 hostilis
572 1618 709 1684 incursio
729 1617 906 1684 confractos
928 1618 1054 1684 invenit.
1100 1617 1140 1682 Et
1161 1617 1226 1683 illic
1247 1615 1346 1680 lamec

135 1734 241 1800 multa
262 1729 424 1798 horribilia
446 1729 611 1814 persuasit,
645 1729 700 1795 scd
722 1732 754 1795 et
775 1729 827 1829 iic
851 1731 940 1794 tanta
960 1729 1060 1796 fames
1090 1727 1293 1814 grassabatur
1315 1729 1347 1793 ln

137 1843 268 1928 populo,
302 1846 340 1908 ut
361 1859 513 1924 equorum
536 1857 644 1906 carnes
677 1857 714 1906 ac
735 1841 832 1924 pelles
856 1842 961 1906 ovium
983 1841 1079 1907 etiam
1101 1844 1261 1924 veteres1)
1294 1841 1348 1907 de·

136 1953 250 2024 tractis
283 1953 355 2038 pilis
388 1951 546 2017 modicnm
568 1951 600 2016 in
622 1949 776 2019 lebetibus
810 1952 954 2019 decoctas
989 1953 1021 2019 in
1054 1953 1140 2021 cibos
1178 1956 1346 2020 sumerent.

139 2067 226 2136 Tam
240 2084 313 2132 vero
328 2081 422 2148 parce
437 2064 563 2129 eaedem
578 2079 686 2129 carnes
704 2064 834 2147 equinae
850 2064 1071 2146 vendebantur,
1093 2068 1130 2130 nt
1151 2083 1232 2132 nnus
1253 2065 1347 2136 homo

139 2180 176 2246 in
195 2195 258 2244 nno
281 2174 349 2243 cibo
383 2176 491 2242 decem
523 2177 702 2240 nummatas
735 2174 917 2256 insumeret,
952 2180 1021 2243 coto
1055 2193 1152 2261 grana
1173 2173 1266 2243 fabae
1286 2193 1348 2241 nno

140 2291 289 2376 argenteo
322 2305 465 2370 unusque
496 2287 586 2372 panis
619 2288 746 2353 centnm
781 2287 986 2372 quadraginta
1016 2287 1171 2375 argenteis
1194 2285 1347 2354 veniebat.

139 2402 184 2468 lta
205 2401 239 2466 in
259 2398 467 2482 ierosolymis
500 2397 576 2464 dum
598 2398 768 2465 multitudo
801 2400 1002 2466 morientium
1039 2398 1223 2466 facudtatem
1246 2399 1350 2482 sepul·

141 2515 233 2580 turae
248 2509 386 2577 vinceret
401 2513 488 2575 trane
504 2527 611 2575 muros
635 2509 786 2576 cadavera
808 2508 1013 2593 projecerunt,
1036 2508 1090 2575 isti
1112 2526 1196 2589 vero,
1219 2508 1295 2573 dum
1318 2510 1350 2572 et

141 2624 195 2692 hic
217 2620 420 2691 morientium
442 2621 611 2688 multitudo
641 2621 825 2688 facultatem
847 2619 1015 2706 sepeliendi
1037 2620 1204 2700 excederet,
1228 2620 1350 2685 mortn-

146 2753 239 2806 orum
274 2731 477 2802 cadaveribus
501 2736 609 2800 contra
629 2732 731 2818 frigus
752 2731 919 2798 imminens
955 2731 1050 2797 simul
1084 2733 1117 2797 et
1138 2733 1247 2797 contra
1269 2729 1351 2796 Tur·

144 2864 255 2916 corum
277 2848 411 2933 sagtttas
433 2864 491 2931 pro
514 2845 613 2912 muris
634 2845 684 2912 nsi
707 2848 789 2910 sunt.

573 3075 683 3144 cap.
702 3074 931 3132 LXXVII.

332 3197 489 3270 Numerus
512 3198 676 3267 exercitus
699 3199 887 3286 septuagies
910 3200 1040 3270 centnm
1062 3200 1163 3269 milia.

246 3359 288 3426 Et
309 3360 369 3427 hoc
391 3359 559 3427 delendum
590 3359 746 3448 simulque
779 3360 955 3428 mirandum
988 3379 1026 3430 ac
1047 3361 1259 3430 miserandum
1292 3363 1349 3440 est,

142 3471 320 3560 quodcum
342 3471 427 3538 idem
455 3471 607 3538 exercitus
630 3472 669 3537 ad
691 3473 869 3557 septuagies
892 3476 1018 3540 centnm
1040 3475 1127 3539 milia
1149 3475 1350 3558 computatus

140 3581 259 3652 fnisset
292 3581 330 3648 de
351 3584 439 3650 moto
463 3582 597 3649 exercitu
630 3583 680 3649 vix
700 3584 852 3668 quaedam
873 3603 989 3668 paucae
1011 3583 1160 3670 reliquiae
1193 3581 1351 3650 redierunt

140 3691 285 3780 nihilque
306 3692 508 3762 victoriosum
531 3696 619 3760 tanta
641 3694 801 3761 molitione
823 3698 987 3781 peractum
1009 3697 1065 3762 est.

560 3932 670 4001 cap.
690 3933 941 3990 Lxxvnm

221 4051 412 4142 Conquestio
433 4051 561 4125 abbatis
583 4056 792 4128 claraevallis
814 4076 913 4147 snper
934 4058 1047 4128 eadem
1068 4056 1284 4148 expeditione.

248 4210 347 4300 Super
369 4232 432 4299 qua
453 4234 487 4283 re
509 4216 557 4283 vir
578 4217 709 4284 illustris
744 4217 841 4285 abbas
864 4220 1065 4302 claraevallis,
1101 4239 1161 4307 qno
1192 4217 1352 4287 annitente

140 4341 210 4394 nna
233 4341 304 4392 curn
326 4329 454 4394 sanctae
485 4328 653 4397 memoriae
685 4329 825 4416 Eugenio
847 4330 937 4416 Papa
972 4333 1080 4400 eadem
1103 4331 1255 4418 expeditio
1277 4351 1356 4418 pro·

253 4538 272 4609 ¹)
290 4541 456 4596 Germanice:
485 4557 560 4608 sogor
579 4543 647 4596 alte
665 4543 830 4600 Subtilitate.
850 4547 921 4601 Sltlz
939 4546 1003 4610 legit
1021 4547 1131 4602 ventres.
