3158 5212
1284 427 1325 494 83

122 600 248 685 pietatis
261 601 372 685 gratia,
397 619 457 686 qua
478 600 583 666 taliter
597 599 762 666 eeclesiam
782 600 840 666 Doi
859 600 1028 667 sublimare
1045 599 1107 665 illis
1129 600 1326 684 complacuit,

123 711 179 776 sed
200 710 313 795 majon
336 729 387 778 eos
408 713 498 778 laude
521 715 552 776 et
570 727 674 776 coram
690 711 756 777 Deo
771 712 1019 777 remuneratione
1041 709 1190 793 ampliore
1213 709 1324 794 dignos

122 823 310 906 putaverim,
334 823 361 887 si
383 822 644 907 quemadmodum
665 826 748 888 recte
772 821 959 903 obtulerunt,
982 823 1028 887 ita
1050 822 1146 886 etiam
1168 822 1251 886 recto
1274 820 1321 885 di·

122 933 280 1015 visissent,
315 936 435 1000 retenta
456 934 605 998 nimirum
627 932 687 998 sibi
709 933 925 1013 vindictarum,
960 949 1042 1015 quae
1060 929 1320 1017 sauguiniseffu-

122 1044 244 1111 sionem
267 1047 419 1129 poscunt,
453 1046 617 1128 potestate,
642 1045 763 1128 quando
791 1044 835 1111 eis
865 1044 903 1110 do
930 1042 1094 1128 impendiis
1122 1043 1253 1109 ducatus
1276 1042 1324 1108 vol

121 1156 293 1223 comitatus
317 1155 461 1222 ecclesias
485 1156 634 1239 quasdam
658 1155 786 1224 fundare
808 1157 858 1222 vel
879 1155 1029 1241 ampliare
1050 1155 1100 1239 pie
1124 1153 1320 1239 complacuit

559 1497 669 1565 (rap.
689 1495 893 1554 XXXIX.

235 1618 352 1688 Forma
374 1619 544 1689 divisionis
569 1623 602 1690 et
624 1621 845 1692 distinotionis
868 1618 1002 1690 duorum
1018 1617 1216 1708 gladiorum.

226 1793 329 1891 Hujus
352 1823 485 1893 namque
508 1809 669 1875 divisionis
693 1810 863 1876 laudandae
884 1809 1019 1876 formam
1041 1826 1162 1876 sumere
1182 1809 1326 1874 asanote

122 1919 268 1986 Romana
300 1919 429 1986 ecclesia
461 1921 493 1986 in
522 1925 669 2006 promptu
698 1926 755 1988 est.
792 1923 952 2006 Siquidem
980 1926 1011 1989 et
1039 1923 1140 2007 ipsam
1168 1920 1268 1986 multa
1291 1922 1323 1984 et

121 2047 240 2116 magna
262 2031 379 2116 regalia
401 2050 436 2097 ex
458 2032 623 2098 donatione
645 2051 755 2118 rogum
777 2033 935 2118 possidere
957 2031 1159 2099 manifestum
1182 2034 1238 2097 est.
1271 2027 1321 2095 Iti

120 2141 238 2208 etenim
261 2143 439 2225 praefectus
461 2143 548 2210 urbis
569 2148 696 2229 accepta
718 2163 736 2210 a
759 2143 1073 2212 Romano'Pontifioe
1095 2164 1188 2229 super
1210 2160 1320 2210 causas

119 2252 227 2318 civiles
245 2251 407 2337 judicandi
427 2256 582 2338 potestate
604 2255 699 2322 simul
722 2274 794 2322 oum
815 2255 964 2322 beneficio
986 2257 1036 2322 vel
1052 2255 1204 2344 stipendio
1221 2253 1321 2320 eidem

117 2365 270 2448 potestati
291 2365 474 2448 pertinente,
489 2366 704 2447 vindictarum,
729 2386 808 2451 quae
831 2367 991 2452 sauguinis
1013 2367 1175 2433 dumtaxat
1197 2363 1323 2431 effusio-

121 2492 195 2539 nem
217 2478 360 2558 poscunt,
381 2474 593 2542 faciendarum
614 2481 803 2562 potestatem
832 2478 872 2543 ab
894 2479 1083 2563 imperatore
1104 2497 1161 2562 per
1182 2475 1322 2560 gladium

120 2584 322 2670 evaginatum
345 2588 472 2671 accepit,
497 2589 578 2672 quod
598 2607 690 2654 suum
711 2593 759 2656 est
778 2589 902 2673 utrique
916 2588 1065 2673 potestati
1087 2605 1320 2672 recognoscens.

118 2696 165 2762 At
184 2697 218 2762 in
240 2696 344 2782 regnis
366 2697 558 2792 Eranoorum
580 2699 634 2764 ubi
650 2700 709 2765 hac
724 2700 922 2766 distinctione
936 2717 999 2776 non
1016 2699 1138 2764 servata
1157 2696 1319 2781 episcopus

118 2825 234 2892 aroge
256 2826 313 2891 per
334 2811 491 2893 sceptrum
510 2809 666 2896 regalibus
688 2811 822 2895 acceptis
845 2811 912 2895 ipse
934 2811 1081 2876 continuo
1104 2808 1162 2875 sub
1185 2827 1219 2875 se
1240 2807 1323 2874 vica·

118 2919 182 2985 rias
214 2920 387 3005 potestates
415 2921 547 3001 ordinat,
573 2939 650 3005 quae
680 2940 752 2986 mox
782 2921 940 2986 ordinatae
966 2919 1179 2986 indifferenter
1205 2917 1322 3002 judicia

118 3031 216 3096 etiam
245 3030 403 3114 sanguinis
434 3032 570 3097 tractant
603 3036 804 3116 exercentque
835 3032 997 3112 vindictas,
1032 3031 1157 3096 videant
1178 3029 1237 3113 ipsi
1254 3028 1322 3112 jam

118 3143 197 3208 dicti
219 3141 336 3221 vicarii,
364 3159 383 3206 a
408 3161 468 3225 quo
497 3143 686 3225 potestatem
715 3142 866 3208 vindictas
889 3143 922 3207 in
944 3143 1094 3227 sanguine
1115 3139 1248 3206 faciendi
1269 3156 1321 3205 ao-

118 3251 266 3336 csperint.
300 3250 383 3316 Nam
414 3252 441 3317 si
471 3239 522 3318 eas
548 3270 566 3317 a
595 3253 769 3336 semetipsis
801 3257 953 3337 usurpant
975 3253 1019 3318 rei
1042 3251 1201 3337 sanguinis
1225 3250 1321 3316 etiam

117 3361 282 3430 noxiorum
303 3363 394 3428 effusi
416 3362 598 3429 efficientur.
622 3363 655 3430 Si
674 3383 746 3430 voro
763 3365 916 3448 ejusmodi
938 3367 1126 3449 potestatem
1148 3381 1167 3428 a
1186 3361 1319 3428 dominis

117 3475 184 3542 suis
200 3475 351 3560 episcopis
367 3493 400 3540 se
415 3473 547 3541 dixerint
561 3475 727 3559 accepisse,
758 3476 858 3542 sciant
878 3475 973 3542 iidem
995 3494 1123 3561 gravem
1138 3493 1172 3540 se
1187 3472 1320 3538 dominis

116 3587 183 3653 suis
214 3567 373 3670 'episcopis
406 3585 518 3650 inferre
552 3585 749 3663 calumniam,
783 3604 859 3669 quos
882 3587 931 3651 vol
962 3586 1125 3651 noxiorum
1159 3581 1320 3667 sanguinis

116 3699 209 3766 effusi
230 3700 373 3764 auctores
397 3715 452 3762 suo
475 3695 628 3762 arbitratu
657 3697 861 3762 constituunt.
896 3696 1090 3781 Episcopalis
1112 3710 1246 3777 namque
1268 3693 1318 3757 vel

116 3809 319 3878 sacerdotalis
338 3827 449 3874 manus
471 3807 673 3873 divinissimis
693 3808 894 3874 sacramentis
915 3806 1112 3873 conficiendis
1129 3804 1321 3872 sanctificata

115 3922 283 4008 potestatis
300 3922 460 4007 sauguinis
477 3918 652 3986 effundendi
667 3919 805 4004 legitime
828 3937 922 4003 capax
944 3937 1007 3983 non
1031 3921 1087 3997 est,
1111 3934 1184 3983 nam
1203 3919 1234 3980 et
1249 3932 1321 3980 san-

114 4035 209 4118 guine
230 4049 372 4117 respersa
395 4031 530 4116 reproba
552 4032 591 4096 ad
612 4033 719 4096 eadem
743 4032 888 4097 coelestia
911 4034 1106 4097 sacramenta
1130 4027 1319 4096 conficienda

115 4145 262 4223 officitur,
287 4143 407 4209 dicente
431 4142 566 4228 Domino
589 4159 625 4208 ac
645 4143 758 4208 David:
780 4142 876 4208 Non
898 4141 1186 4207 aedificabis
1209 4139 1320 4202 mihi

115 4257 309 4335 domum,
342 4257 445 4337 quia
474 4253 542 4317 vir
569 4251 778 4318 bellator
807 4273 850 4319 es
882 4256 924 4318 et
952 4254 1197 4336 plurimum
1227 4268 1320 4315 san·

114 4367 297 4453 guinem
331 4363 617 4447 effudisti¹)‚
654 4368 794 4449 apostolo
830 4381 951 4449 quoque
983 4380 1198 4447 percussorem
1235 4361 1319 4444 epis·

218 4583 239 4654 ¹)
255 4583 279 4640 1.
298 4581 386 4638 rear.
405 4580 448 4638 aa.
470 4581 496 4636 a.
1180 4661 1220 4725 6*
