3168 5190
1271 433 1332 500 297

135 609 210 690 „sed
232 614 319 678 totus
342 610 427 676 Deus
461 611 493 674 in
527 608 687 684 Christum
710 612 742 675 et
764 610 906 678 Christus
935 611 968 675 in
997 611 1099 677 Deum
1121 607 1275 686 transivit,
1299 607 1336 670 ut

135 723 306 809 „quidquid
328 723 392 788 Dei
424 720 507 787 filins
541 725 589 786 eet
622 720 765 788 Christus
799 722 920 787 dicatur
943 726 974 786 et
996 720 1146 804 quidquid
1178 719 1210 785 in
1244 734 1336 783 carne

135 834 300 912 „christus
321 834 454 920 pertulit
475 833 507 898 id
529 832 613 899 Deus
642 833 808 916 pertulisse
830 837 912 900 recte
936 835 1107 899 credatur.“

234 945 321 1010 Haec
354 946 391 1010 de
425 943 611 1010 sacramenti
654 944 827 1028 personalis
860 945 942 1008 inter
975 942 1113 1009 Verbum
1147 945 1178 1007 et
1212 957 1336 1006 carnem

136 1073 228 1122 suam
250 1056 380 1138 unitate,
404 1055 485 1139 quod
511 1073 573 1119 non
596 1055 788 1138 temporalis,
812 1056 865 1120 sed
887 1059 1012 1122 aeterna
1034 1056 1075 1122 sit
1098 1055 1198 1140 magis
1221 1051 1338 1138 placuit

137 1185 173 1232 11
206 1167 298 1232 dictis
332 1167 515 1251 Hieronymi
547 1167 662 1233 nostris
695 1167 850 1247 inserere,
886 1187 978 1252 quam
1011 1171 1047 1234 ut
1080 1167 1196 1233 nostris
1230 1165 1337 1231 eadem

136 1296 358 1364 assereremus,
402 1277 463 1345 Sed
486 1281 517 1343 et
539 1280 577 1344 (11
596 1281 726 1342 naturae
748 1282 874 1344 nostrae
895 1279 1026 1344 veritate
1047 1281 1079 1343 in
1095 1279 1219 1346 Christo
1244 1277 1338 1342 senti·

139 1392 252 1456 endum
277 1393 334 1472 est,
369 1391 451 1474 quod
485 1389 545 1456 etsi
576 1389 703 1455 initialis
726 1389 810 1455 facta
833 1393 973 1470 nonest,
1009 1389 1092 1474 quod
1125 1391 1233 1474 utique
1256 1390 1339 1455 esset

137 1505 267 1566 naturae
299 1499 426 1568 abolitio
458 1519 521 1566 non
552 1502 731 1585 provectio,
763 1503 796 1566 in
829 1519 897 1567 eam
930 1505 1035 1568 tamur
1067 1501 1339 1568 immortalitatem

8 1591 9 1660 Ῑ
137 1613 363 1680 resurrectione
397 1617 429 1679 et
461 1613 640 1680 ascensione
672 1615 822 1698 provecta
855 1616 924 1692 ost,
960 1631 1037 1696 quae
1070 1613 1166 1680 solius
1200 1614 1259 1679 Dei
1292 1617 1340 1679 est

8 1745 9 1800 1
138 1724 263 1809 propria
293 1728 324 1791 et
350 1725 387 1789 de
411 1743 470 1808 qua
492 1727 568 1790 dicit
589 1727 767 1809 apostolus:
791 1725 874 1792 sori
896 1726 1123 1791 immortali
1146 1730 1185 1792 et
1205 1727 1340 1793 inrisi-

138 1834 213 1902 bili
235 1838 323 1903 1110.
336 1839 360 1920 ¹)
382 1839 471 1904 Unde
494 1837 633 1903 Hilarius
658 1875 698 1883 —
721 1836 801 1902 libro
817 1855 898 1901 nono
915 1836 952 1902 de
968 1840 1075 1903 sancta
1092 1835 1285 1925 Trinitate²)
1298 1873 1339 1884 -

8 1979 9 2004 r
138 1967 297 2033 exponens
320 1949 397 2014 illud
419 1949 570 2032 apostoli:
617 1949 743 2031 „Quod
766 1948 870 2012 enim
892 1951 1068 2016 mortuus
1097 1952 1156 2016 est
1177 1954 1338 2033 peccato

8 2059 9 2092 ³
142 2063 347 2137 „mortuus
370 2064 430 2127 est
453 2061 591 2141 semel,
627 2062 722 2145 quod
744 2065 880 2126 antem
902 2061 1008 2126 vivit
1036 2061 1141 2128 11111
1169 2061 1247 2126 Deo
1271 2059 1340 2125 sed

8 2171 9 2184 ¹
140 2176 197 2249 „et
219 2190 285 2238 ros
308 2173 504 2256 deputate
533 2193 602 2238 vos
626 2176 806 2238 mortuos
838 2192 929 2238 esse
951 2174 1130 2256 peccato,
1154 2173 1339 2238 viventes

141 2288 289 2360 ,autem
311 2283 385 2352 Dei
397 2285 422 2372 ³)
455 2289 598 2365 mortem,
632 2285 744 2369 inquit,
765 2289 893 2369 peccato
917 2285 937 2350 i.
961 2305 985 2352 e.
1010 2285 1133 2371 corpori
1155 2286 1263 2351 nostro
1286 2285 1342 2350 ad·

141 2395 279 2476 ,scribit
302 2397 400 2463 vitam
421 2401 528 2463 autem
549 2399 624 2477 Deo,
649 2397 699 2461 cni
719 2399 767 2461 est
788 2397 929 2461 naturale
951 2397 1035 2480 quod
1057 2396 1143 2462 11111.
1167 2397 1209 2462 ut
1231 2416 1287 2482 per
1309 2397 1342 2462 id

8 2565 9 2606 ἢ
141 2525 215 2584 ,nos
239 2509 363 2594 corpori
396 2512 504 2575 nostro
537 2509 618 2574 mori
641 2511 793 2593 oportere,
828 2513 864 2572 ut
894 2509 960 2572 Deo
996 2508 1137 2574 vivamus
1160 2508 1192 2574 in
1216 2508 1341 2575 Christo

140 2618 248 2698 ,lesu
282 2619 335 2702 qui
356 2621 475 2704 peccati
496 2620 595 2685 nostri
618 2637 733 2704 eorpus
767 2635 931 2682 assumens
969 2619 1055 2684 totus
1074 2618 1142 2702 jam
1164 2621 1230 2685 Deo
1253 2619 1340 2699 virit,

140 2733 289 2809 „naturae
310 2733 437 2797 nostrae
459 2731 662 2796 societatem
685 2732 937 2797 communionem
960 2730 1080 2796 divinae
1095 2731 1341 2798 immortalitatis

140 2841 409 2920 ,1111111111
432 2840 535 2907 verbis
558 2843 671 2907 Hilarii
693 2843 851 2922 discimus,
874 2843 932 2909 hoc
955 2863 1025 2911 esse
1048 2843 1209 2911 'Christum
1231 2844 1263 2908 in
1285 2861 1343 2908 no-

137 2955 222 3020 strae
244 2955 373 3019 naturae
403 2953 552 3019 societate
573 2953 677 3020 111111
699 2955 776 3036 Deo,
810 2956 967 3039 quomodo
991 2957 1018 3022 si
1041 2955 1207 3036 diceretur,
1240 2955 1342 3020 111111

137 3065 277 3145 dealiter,
299 3065 402 3130 111111
416 3065 644 3146 immortaliter,
661 3084 696 3130 ea
711 3067 854 3133 videlicet
876 3068 1122 3148 immortalitate,
1149 3085 1228 3153 quae
1243 3067 1341 3133 solius

137 3177 197 3242 Dei
218 3175 343 3260 propria
365 3179 422 3242 est.
467 3176 618 3268 Alioquin
639 3175 699 3240 heo
720 3176 957 3244 immortalitate
991 3197 1097 3245 carens
1134 3180 1218 3245 Deus
1251 3197 1342 3244 verus

138 3286 282 3354 Christus
306 3290 484 3366 10111111,
507 3289 616 3369 utpote
638 3286 692 3369 qui
713 3291 798 3352 11111
821 3289 913 3354 unius
937 3293 968 3354 11
991 3291 1087 3355 solius
1111 3291 1175 3354 1111
1190 3289 1249 3354 Dei
1270 3307 1344 3374 pro·

139 3400 307 3484 prietatem
331 3402 422 3464 esset.
467 3399 534 3463 Hac
557 3415 631 3463 sane
652 3399 890 3465 immortalitate
922 3420 1022 3484 neque
1053 3403 1127 3466 tuno
1150 3401 1251 3467 caruit
1272 3417 1344 3496 cum

139 3508 281 3574 mortalis
318 3509 483 3575 nobiscum
504 3511 537 3574 in
559 3511 650 3575 terris
674 3509 855 3576 ambulavit.
901 3511 984 3576 Nam
1007 3512 1066 3578 etsi
1089 3515 1249 3578 voluntate
1271 3529 1344 3595 pro-

138 3621 206 3704 pria
228 3621 295 3704 pati
316 3637 353 3685 ao
374 3621 455 3686 mori
475 3620 582 3706 potuit
602 3621 811 3703 generationis
839 3623 945 3686 tamen
969 3623 1090 3688 divinae
1107 3622 1178 3706 jure
1198 3641 1234 3688 ac
1256 3626 1345 3706 pote·

140 3735 222 3798 state
238 3731 332 3797 simul
347 3735 378 3797 et
392 3749 542 3815 personae
562 3750 633 3797 cum
656 3731 758 3796 Verbo
780 3731 901 3796 unitate
916 3734 1053 3798 divinam
1068 3735 1341 3802 immortalitatem

138 3847 170 3908 11
191 3841 479 3927 impassibilitatem
501 3842 650 3926 possedit.
675 3843 756 3908 Vera
778 3846 884 3908 autom
906 3844 1144 3930 impassibilitas
1168 3848 1345 3912 111111101-

139 3955 246 4021 talitas
269 3958 362 4038 atque
384 3955 416 4019 in
439 3974 562 4020 summo
597 3955 678 4020 bono
701 3955 1010 4036 incommutabilitas,
1046 3957 1119 4040 quid
1141 3957 1225 4023 aliud
1250 3977 1345 4042 quam

139 4083 213 4132 vera
234 4066 404 4132 aeternitas
427 4069 499 4133 est?
543 4068 611 4132 Hoc
634 4070 740 4132 antem
762 4066 793 4133 b.
816 4064 1014 4151 Augustinus
1048 4067 1186 4134 affirmat
1209 4070 1344 4153 capitulo

139 4177 181 4246 54
203 4177 241 4244 de
263 4176 424 4245 Trinitate.
452 4178 563 4259 ,Vera
586 4179 696 4263 inquit,
712 4178 944 4259 immortalitas,
970 4196 1041 4244 vera
1056 4179 1344 4266 incorruptibilitas,

141 4307 233 4368 „vera
253 4288 550 4388 incommutabilitas
573 4291 641 4374 ipsa
664 4294 712 4356 est
734 4291 930 4357 aetemitas.“
957 4290 1117 4358 Audiams
1140 4311 1212 4360 1111
1236 4294 1274 4359 de
1294 4293 1344 4360 his

241 4520 387 4592 1)Ι.’1’111.
409 4521 435 4578 1.
455 4523 499 4578 17.
521 4552 553 4564 -
576 4526 596 4591 ²)
617 4523 660 4580 ecl.
678 4523 759 4578 Basil.
780 4537 839 4589 pag.
861 4522 921 4576 165.
945 4553 976 4562 -
999 4519 1113 4592 8)11111.
1133 4521 1158 4577 6.
1180 4521 1223 4578 10.
1245 4523 1288 4580 11.
