3168 5214
1277 440 1340 510 321

128 611 240 695 potius
264 609 596 694 supersubstantialem
618 613 649 678 et
671 612 944 698 supersensibilem
966 611 1224 682 inhabitationem
1239 616 1339 702 parti·

131 721 249 807 cipatio
273 721 305 787 in
327 721 465 807 idipsum
487 725 546 789 est.

594 1111 701 1178 cap.
721 1107 885 1165 LXVI.

279 1233 437 1302 theorica
458 1232 676 1326 consideratio
697 1232 738 1302 de
760 1232 974 1302 luminaribus
996 1233 1198 1303 coelestibus.

235 1421 323 1489 Sicut
347 1421 429 1488 enim
452 1422 556 1488 omnia
578 1421 680 1487 sidera
701 1437 763 1486 una
785 1439 857 1487 cum
878 1421 1075 1489 firmamento
1092 1423 1132 1489 ad
1148 1421 1339 1490 occidentem

130 1549 169 1600 ao
190 1550 249 1617 per
271 1532 464 1600 occidentem
485 1532 526 1597 ad
548 1532 699 1599 orientem
722 1532 920 1613 tendunt,ita
944 1535 976 1599 et
998 1533 1087 1600 electi
1109 1533 1142 1598 in
1163 1533 1217 1600 illo
1241 1551 1336 1618 regno

132 1640 275 1724 stabiliti,
310 1663 384 1709 cum
404 1643 437 1709 in
460 1662 583 1710 summa
604 1643 799 1711 sublimitate
821 1644 894 1726 sint,
927 1648 1034 1710 tamen
1067 1643 1162 1710 etiam
1196 1639 1339 1709 s'umrnae

130 1753 320 1821 humilitatis
351 1757 496 1822 custodes
518 1758 592 1821 sunt
624 1774 680 1840 per
701 1772 795 1838 quam
817 1758 902 1822 velut
923 1775 980 1840 per
1003 1755 1194 1822 occidentem
1217 1773 1339 1839 semper

130 1865 171 1930 ad
194 1865 316 1934 divinae
338 1866 609 1953 contemplationis
632 1866 785 1933 orientem
804 1866 946 1933 tendunt.
968 1865 1041 1933 Non
1056 1865 1134 1932 mihi
1148 1883 1232 1933 nunc
1248 1868 1339 1940 uacat

130 1993 188 2042 nec
202 1976 384 2043 intentionis
402 1981 459 2058 est,
481 1977 605 2044 etiamsi
619 1976 752 2044 facultas
767 1977 884 2062 ingenii
899 1980 1086 2063 suppeteret,
1109 1995 1234 2044 omnem
1249 1979 1338 2044 illam

130 2086 210 2153 coeli
233 2088 419 2154 rotationem
441 2092 473 2154 et
495 2091 680 2154 concentum
700 2087 733 2152 in
755 2086 968 2172 spiritualibus
991 2087 1271 2174 significationibus
1287 2106 1338 2155 ex-

132 2195 249 2277 hibero,
273 2198 492 2284 quamquam)
515 2197 726 2265 ecclesiastico
749 2215 843 2264 sensu
859 2198 936 2264 satis
952 2198 1105 2266 uelatum
1133 2203 1182 2266 eat
1202 2199 1236 2265 in
1258 2201 1334 2280 sole,

131 2308 184 2392 qui
207 2308 328 2374 medius
351 2310 548 2394 planetarum
570 2310 702 2394 fonsque
723 2308 859 2375 aetherei
872 2309 955 2396 ignis
971 2314 1028 2390 est,
1053 2310 1214 2378 christum
1236 2311 1335 2378 medi·

131 2424 255 2486 atoram
276 2419 336 2485 Dei
357 2422 388 2484 et
409 2419 572 2485 hominum
587 2419 769 2504 intelligere,
793 2419 847 2502 qui
868 2419 1079 2487 illuminat
1101 2439 1250 2488 omnem
1271 2423 1336 2489 ho·

131 2531 274 2596 minem
309 2531 538 2596 venientem
573 2530 613 2595 in
649 2529 754 2595 hunc
791 2527 1027 2615 mundum,²)
1066 2532 1104 2598 de
1140 2551 1202 2617 quo
1240 2533 1336 2600 etiam

132 2642 264 2722 canitur,
278 2641 424 2726 quoniam
446 2643 494 2708 sol
516 2641 662 2726 cognovit
685 2657 831 2706 occasum
853 2659 962 2719 suum3
985 2640 1017 2706 in
1039 2642 1114 2707 luna
1135 2660 1207 2708 uero
1227 2643 1334 2710 lumen

133 2773 224 2820 suum
247 2770 267 2818 a
289 2754 353 2819 sola
375 2755 538 2819 mutuante
570 2753 706 2838 itemque
727 2753 760 2817 in
782 2751 891 2832 stellis,
925 2769 1004 2835 quae
1027 2754 1059 2818 et
1080 2752 1168 2839 ipsae
1191 2753 1332 2840 singulae

133 2885 151 2930 a
173 2867 248 2946 sole,
271 2866 307 2930 ut
329 2863 413 2931 credi
434 2867 547 2949 potest,
567 2866 672 2930 lumen
695 2881 786 2929 suum
809 2865 967 2943 mutuant,
992 2865 1155 2930 ecclesiam
1175 2867 1206 2930 et
1228 2865 1335 2952 siugu-

132 2977 179 3042 los
203 2978 375 3042 electorum
397 2975 547 3060 accipere,
570 2976 619 3040 vel
641 2975 673 3040 id
695 2974 797 3040 solum
829 2991 912 3039 nunc
933 2974 1094 3041 advertere
1114 2979 1236 3061 praeter
1259 2978 1335 3045 rati·

132 3108 224 3156 onam
246 3109 308 3155 non
328 3091 385 3168 cst,
419 3087 503 3171 quod
536 3085 682 3152 coelestia
703 3084 757 3150 illa
779 3102 908 3168 corpora
941 3103 1014 3151 cum
1045 3086 1118 3172 igne
1141 3089 1189 3154 uel
1207 3091 1333 3176 proprio

130 3201 214 3266 sicut
236 3201 283 3265 sol
304 3199 352 3265 vel
374 3196 474 3262 alieno
508 3197 544 3260 ut
565 3195 639 3272 luna
661 3198 693 3262 et
715 3195 823 3262 stellae
844 3193 977 3282 flagrent
999 3215 1035 3264 ac
1057 3202 1206 3284 perpetuo
1229 3203 1334 3286 splen·

130 3312 233 3389 deant,
267 3309 350 3394 ignis
383 3307 466 3372 idom
496 3307 638 3373 coelestis
661 3325 770 3372 eorum
803 3304 1012 3374 substantiam
1032 3327 1095 3375 non
1117 3311 1262 3378 diminuit
1284 3316 1333 3381 uel

129 3419 269 3486 absumit
301 3420 356 3485 sed
379 3436 561 3484 conservare
583 3418 702 3503 absque
736 3417 821 3484 omni
844 3418 1047 3485 diminutione
1069 3423 1182 3505 potens
1205 3427 1263 3505 est,
1296 3431 1333 3492 ut

130 3530 239 3596 exinde
260 3529 386 3613 liqueat,
410 3530 494 3613 quod
516 3533 642 3595 nostrae
664 3548 787 3615 quoqne
809 3529 931 3596 animae
947 3532 995 3598 uel
1011 3549 1152 3617 corpora,
1176 3554 1255 3618 quae
1276 3557 1332 3623 par

128 3644 188 3710 Dei
221 3642 355 3728 gratiam
377 3642 409 3708 in
431 3642 521 3708 illum
551 3642 722 3709 divinitatis
756 3646 953 3730 splendorem
985 3643 1105 3709 assumi
1137 3642 1254 3712 fuerint
1283 3648 1332 3715 uel

128 3776 211 3823 nunc
233 3757 395 3837 assumpta
417 3757 499 3837 suut,
532 3754 615 3820 idem
637 3755 759 3821 diuinus
781 3755 874 3840 ignis,
909 3774 981 3820 cum
1003 3755 1110 3821 eadem
1133 3754 1332 3828 vehementer

128 3865 257 3945 afficiat,
292 3869 435 3949 potenter
468 3866 606 3946 inundet,
629 3869 735 3932 tantae
766 3870 871 3931 tamen
893 3865 1012 3950 gratiae
1034 3869 1066 3931 et
1087 3866 1249 3935 suavitatis
1273 3874 1331 3954 est,

129 3980 165 4043 ut
187 3981 333 4042 naturam
354 3977 535 4062 ignitorum,
572 3977 750 4042 animorum
782 3977 927 4043 videlicet
948 3979 980 4041 et
1002 3994 1170 4063 corporum
1204 3979 1331 4064 spiritu·

128 4085 236 4168 allum,
259 4105 440 4154 conservare
454 4092 566 4173 potens
582 4087 632 4168 sit,
658 4088 919 4172 quemadmodum
941 4085 1050 4153 beatae
1072 4105 1195 4174 quoque
1216 4090 1331 4178 virgini

128 4197 318 4264 dictumest
342 4198 401 4266 Dei
421 4198 582 4285 genitrici:
615 4197 798 4284 Spiritus
822 4201 989 4266 sanctus
1012 4199 1270 4283 superveniet
1290 4201 1330 4268 in

128 4313 169 4376 te
191 4314 231 4377 et
252 4309 387 4376 uirtus
410 4309 603 4377 altissimi
632 4307 896 4377 obumbrabit
917 4307 1037 4396 tibist)
1079 4307 1170 4378 Unde
1190 4313 1223 4379 in
1247 4310 1330 4398 ejus·

130 4451 379 4466 m

233 4521 253 4593 ¹)
271 4523 328 4580 cod.
348 4527 485 4594 tamquam.
506 4551 540 4566 -·
560 4519 584 4593 ²)
601 4522 674 4583 loru.
694 4522 720 4581 1.
742 4523 768 4580 9.
788 4552 822 4565 -
844 4518 867 4592 ⁸)
884 4523 947 4580 Luc.
966 4524 992 4579 1.
1011 4522 1057 4580 35.

1186 4567 1322 4676 ειΙ
