3172 5202
1278 360 1340 430 105

135 531 217 596 tione
240 549 275 596 se
298 531 457 617 accepisse
489 533 634 617 patenter
649 532 766 597 innam.
789 529 940 615 Alioquin
963 531 990 598 si
1012 530 1157 598 absolute
1179 536 1341 619 acceptam

136 641 204 727 ipse.
235 642 440 710 determinate
474 644 611 709 traderet
638 643 707 725 jam
737 661 800 707 non
832 643 956 712 eadam,
974 645 1115 727 potestas
1147 643 1342 729 integraliter

131 756 222 820 esset.
247 754 324 821 Jam
346 773 418 819 vero
442 760 475 819 et
490 756 629 838 potestas
652 753 810 837 quaelibet
832 773 889 839 pro
912 752 1005 820 libitu
1022 755 1161 820 solvendi
1176 758 1208 820 et
1222 755 1340 841 ligandi

132 865 248 930 tradita
281 865 382 949 magis
416 863 541 949 regibus
571 864 712 948 gentium
747 882 841 948 quam
874 865 1076 950 discipulatui
1113 865 1229 932 Christi
1260 866 1340 936 foret

133 993 282 1060 congrua.
326 975 411 1041 Nam
433 976 472 1040 de
493 994 566 1059 rege
587 974 770 1060 babylonico
806 976 865 1042 hoc
885 977 1038 1060 seriptum
1061 979 1110 1042 est
1132 977 1254 1043 dicente
1278 981 1341 1045 Da·

128 1089 208 1155 niele
241 1088 309 1173 regi
344 1087 526 1153 Balthasar:
571 1085 700 1152 Pater
733 1089 826 1152 tuus
858 1106 956 1171 qnos
987 1086 1148 1154 volebat
1169 1089 1341 1155 interli-

132 1197 273 1266 ciebat
309 1202 347 1262 et
384 1216 478 1280 quos
516 1197 683 1263 volebat
719 1197 994 1283 percutiebat;
1039 1219 1138 1283 quos
1175 1199 1341 1266 volebat

131 1308 341 1377 exaltabat
363 1312 401 1375 et
423 1327 521 1392 quos
544 1309 709 1374 volebat
730 1309 1014 1394 humiliabam
1037 1315 1123 1398 Quos
1138 1312 1271 1392 volebat,
1293 1313 1341 1378 in·

130 1423 211 1506 quit,
231 1439 294 1486 non
318 1438 395 1504 ques
418 1418 559 1486 debebat.
603 1420 757 1496 Dominus
780 1441 852 1487 vero
875 1423 906 1487 in
929 1423 1097 1508 Evangelio
1132 1427 1224 1508 lunge
1247 1425 1340 1489 aliam

131 1533 297 1619 discipulis
314 1531 379 1598 suis
394 1531 589 1616 principandi
604 1529 738 1597 formam
754 1535 891 1600 tradidit.
915 1533 998 1600 Nam
1013 1537 1204 1621 praemisso;
1229 1555 1340 1620 reges

128 1643 316 1730 gentium
349 1642 621 1708 dominantur
655 1663 792 1710 earum
825 1649 953 1730 etqui
986 1652 1241 1730 potestatem
1272 1647 1342 1710 ha-

129 1755 235 1822 bent
258 1773 391 1839 super
413 1774 480 1822 eos
503 1752 687 1821 benefici
709 1759 943 1844 vocanturss)
965 1761 1067 1844 legem
1091 1759 1134 1823 eis
1161 1757 1341 1824 dominandi

130 1867 182 1932 vel
204 1864 399 1951 principandi
420 1865 652 1948 praescribens:
686 1887 756 1935 vos
779 1873 926 1953 autem,
948 1872 1059 1956 inquit,
1084 1889 1160 1934 non
1182 1871 1250 1949 sic,
1275 1869 1340 1934 sed

131 1978 207 2062 qni
229 1975 356 2060 major
377 1976 423 2067 in
439 1975 556 2042 vobis
580 1985 652 2060 est,
677 1981 756 2045 fiat
778 1981 890 2048 sicut
908 1982 1053 2065 junior,
1076 1985 1111 2046 et
1135 1983 1201 2064 qui
1223 1997 1341 2066 prae·

129 2108 273 2156 cessor
295 2089 377 2167 est,
401 2089 512 2155 sicut
533 2091 799 2157 ministrator.

234 2201 334 2268 Mirer
349 2201 373 2285 3)
407 2201 507 2267 nostri
541 2203 692 2287 temporis
726 2203 884 2269 Romanos
916 2204 1085 2272 Pontifices
1109 2205 1195 2270 Petri
1218 2219 1342 2268 succes·

128 2331 218 2379 sores
240 2313 274 2378 iu
297 2315 358 2396 qua
380 2315 538 2397 potestate
571 2331 623 2379 eas
647 2333 686 2378 ne
708 2314 811 2379 dicam
833 2334 981 2398 personas
1015 2317 1070 2382 sed
1092 2317 1239 2382 eeclesias
1263 2331 1340 2397 quas

128 2425 249 2505 volunt,
284 2423 460 2489 interuentu
483 2442 606 2507 qnoque
630 2423 679 2506 (ut
702 2424 829 2510 dicitur)
851 2427 1009 2510 pecuniae,
1048 2428 1186 2492 exaltent
1209 2431 1240 2492 et
1262 2445 1339 2510 quas

130 2536 241 2601 velunt
273 2534 448 2614 humilient,
483 2537 684 2621 episcopatus
719 2537 970 2623 archiepiscopis,
1009 2538 1165 2623 episcopis
1198 2536 1340 2603 abbatias

129 2645 180 2711 vel
204 2647 382 2733 canonias)
404 2645 591 2712 subtrahant
614 2650 645 2712 et
667 2667 723 2713 suo
747 2648 872 2733 speciali
894 2647 1097 2730 obedientiae,
1120 2653 1156 2714 ut
1176 2649 1257 2714 datis
1280 2650 1340 2732 pri·

128 2756 253 2841 vilegiis
287 2757 458 2838 vendicent,
494 2757 576 2841 quod
606 2757 674 2841 jam
706 2760 743 2823 de
775 2759 933 2844 plerisque
965 2758 1084 2825 factum
1117 2763 1166 2825 est
1188 2764 1219 2825 et
1239 2760 1341 2826 adhuc

129 2869 272 2935 factitari
293 2887 356 2935 non
379 2870 480 2951 desiit,
516 2870 664 2934 nimirum
698 2869 842 2953 superbia
866 2873 897 2936 et
918 2872 1049 2937 avaritia
1082 2870 1175 2955 huius
1198 2871 1339 2956 negotia·

129 2979 226 3044 tionis
249 2979 393 3046 fomitem
415 2979 615 3045 ministrante
639 2982 731 3045 etad
754 2980 900 3046 effectum
931 2984 1132 3068 perducente.
1154 2986 1238 3050 Dum
1255 2985 1338 3048 enim

128 3090 264 3174 quilibet
286 3090 436 3157 abbatum
473 3110 530 3156 euo
553 3090 681 3158 subesse
705 3091 868 3158 fastidiens
892 3095 1035 3178 episcopo
1059 3096 1121 3161 tale
1142 3095 1340 3179 privilegium

126 3202 245 3270 assde
276 3201 449 3289 apostolica
480 3203 685 3286 reportaverit
718 3207 750 3266 et
783 3203 832 3268 sui
869 3205 1009 3290 episcopi
1043 3225 1076 3270 se
1109 3204 1300 3272 obedientiae
1314 3205 1339 3292 ὅ)

128 3315 331 3395 subtraxerit,
354 3315 427 3380 hinc
456 3312 523 3398 jam
558 3314 694 3380 curritur
713 3314 755 3401 ab
777 3315 928 3400 utrisque,
962 3320 1028 3382 tam
1049 3316 1089 3382 ab
1113 3317 1162 3383 his
1185 3319 1337 3398 videlieet,

126 3425 183 3512 qui
202 3424 351 3508 injuriam
372 3426 456 3509 passi
479 3428 562 3507 sunt,
600 3443 695 3509 quam
716 3426 755 3490 ab
775 3425 834 3507 his,
858 3427 912 3511 qui
935 3447 969 3494 se
990 3430 1095 3513 inique
1118 3428 1336 3514 episcoporum

127 3536 278 3622 regimini
310 3535 539 3618 subtraxerunt,
574 3538 719 3618 curritur,
757 3538 895 3622 iuquam,
930 3537 970 3604 ab
992 3539 1132 3622 utrisque
1161 3540 1201 3604 ad
1234 3541 1339 3605 sedem

128 3647 349 3732 apostolicam,
368 3648 452 3714 haud
475 3647 604 3714 dubium
626 3650 701 3732 quin
717 3649 836 3733 majore
851 3649 963 3715 fiducia
984 3648 1024 3715 ab
1046 3648 1104 3730 his,
1123 3650 1176 3733 qui
1190 3648 1336 3732 injuriam

132 3792 353 3800 ——-——..—...

237 3853 256 3922 ι)
276 3856 341 3909 Dan.
362 3855 386 3908 5.
409 3855 453 3908 ie.

234 3953 253 4019 ²)
275 3953 338 4006 Luc.
358 3950 402 4006 22.
422 3952 466 4006 25.
487 3955 532 4007 26.

233 4049 254 4120 ³)
273 4052 344 4114 Quae
364 4051 486 4116 deinceps
504 4056 647 4118 sequuntur
666 4052 726 4102 hinc
751 4051 813 4103 iude
831 4054 921 4118 paucis
940 4055 1092 4104 intermissis
1110 4053 1215 4120 jamjam
1235 4053 1334 4120 publici

272 4150 339 4214 juris
349 4148 413 4201 lecit
422 4150 580 4202 clarissimus
599 4151 631 4204 l).
644 4151 673 4204 D.
688 4151 775 4205 ledae.
790 4151 868 4213 saniz,
881 4149 1045 4216 Praepositae
1055 4152 1079 4205 S.
1091 4153 1204 4204 Floriani
1213 4151 1339 4206 Ganouiae

276 4247 337 4299 ride
349 4246 447 4299 Archiv
461 4247 505 4300 fur
515 4249 606 4301 lluude
619 4254 708 4306 estere.
721 4249 984 4316 Geschichtsquellen.
1000 4251 1071 4307 Tou.
1086 4249 1131 4305 20.
1145 4267 1169 4317 p.
1182 4250 1337 4306 140-185.

232 4343 254 4414 ⁴)
273 4347 329 4400 cod.
350 4348 494 4400 canonicas.

237 4440 260 4511 ὃ)
277 4445 333 4499 cod.
353 4444 509 4500 obedientia.
