3172 5202
241 377 302 447 142

237 547 412 616 incursibus
435 552 627 634 exceperunt,
660 570 722 618 non
744 555 848 618 tamen
869 555 905 619 ut
926 551 970 617 eis
992 550 1131 618 cominus
1153 553 1311 639 pugnandi
1333 552 1436 620 facul-

238 665 336 728 tatem
358 661 476 742 darent,
510 662 564 728 ssd
586 662 710 748 sagittis
732 683 784 730 eos
806 664 855 730 die
876 666 1032 749 noctuque
1063 664 1249 731 incursando
1282 665 1377 732 simul
1399 668 1436 732 et

239 772 399 858 fugitando
421 773 541 839 eminus
564 771 747 860 fatigabant,
769 775 814 841 ita
836 779 870 841 ut
889 794 947 842 nec
969 791 1092 862 pugnae
1114 793 1169 841 seu
1183 774 1434 842 victoriaeloous

239 887 330 966 esset,
353 903 409 951 nec
424 887 529 951 tamen
542 884 660 969 ubsque
674 903 795 971 pugnae
815 884 991 953 incursibus
1006 885 1069 952 ullo
1085 889 1242 954 momento
1258 887 1434 955 existerent.

691 1271 801 1340 cap.
819 1269 981 1328 LXIX.

459 1391 665 1462 delamitntcs
687 1393 850 1481 exercitus
875 1394 965 1482 regis
987 1395 1210 1464 Romanorum.

340 1580 429 1663 Quod
451 1579 479 1646 si
499 1581 599 1648 nostri
620 1581 739 1666 equites
761 1601 813 1648 eos
834 1583 991 1650 incursare
1007 1584 1179 1651 voluissent
1192 1581 1346 1669 fugientes
1361 1581 1432 1648 ilios

240 1692 340 1758 nostri
361 1692 509 1777 consequi
529 1710 591 1760 non
612 1692 772 1775 valebant,
794 1695 942 1761 nimirum
964 1697 1052 1781 equis
1074 1699 1253 1763 nostrorum
1275 1693 1380 1761 labore
1402 1697 1436 1761 et

239 1805 341 1870 inedia
362 1805 511 1891 fatigatis,
534 1805 658 1871 illorum
681 1825 753 1872 vero
776 1807 864 1891 equis
887 1807 1054 1893 pinguibus
1076 1811 1108 1873 et
1130 1805 1285 1891 rapuistis.
1320 1805 1435 1872 Sedet

240 1914 330 2000 pauci
351 1921 458 1984 nostro
480 1919 626 1984 exercitui
639 1915 663 2002 1)
697 1921 785 1983 erent
817 1918 973 2002 saginent,
1005 1921 1072 1985 tota
1093 1937 1164 1985 vero
1186 1917 1435 1984 adversariorum

241 2026 407 2093 multitudo
429 2027 561 2094 arcubus
578 2029 698 2093 munite
712 2027 793 2092 bunc
807 2026 871 2093 fere
884 2030 909 2114 ²)
932 2029 1035 2095 solum
1049 2029 1205 2114 pugnandi
1221 2047 1313 2094 usum
1329 2031 1434 2093 reten-

242 2136 360 2204 tabant.
404 2136 494 2204 Unde
516 2158 552 2204 ex
574 2138 704 2205 consilio
727 2157 780 2204 rex
800 2143 905 2205 noster
927 2159 997 2206 cum
1017 2140 1150 2206 exercitu
1171 2139 1297 2206 divortit
1317 2137 1357 2204 ab
1380 2139 1436 2218 cis,

241 2248 367 2313 tandem
401 2265 493 2333 quam
527 2249 605 2315 ierat
626 2249 709 2314 viem
731 2269 787 2334 per
808 2250 966 2317 desertum
985 2251 1167 2335 repedando,
1190 2270 1252 2317 non
1274 2249 1357 2335 quod
1378 2267 1438 2315 no·

241 2361 299 2426 stri
331 2360 412 2428 bello
445 2380 482 2427 ac
504 2361 650 2428 victorine
671 2361 825 2428 defuerint
857 2363 911 2428 sed
934 2363 1015 2447 quod
1040 2362 1153 2428 bellum
1175 2379 1211 2428 ac
1232 2358 1362 2428 victoria
1383 2357 1436 2426 fu·

241 2471 322 2557 gerit
343 2471 383 2536 ab
406 2471 459 2539 eis.
496 2473 579 2539 Nem
601 2474 629 2540 si
649 2491 790 2561 pugnare
812 2476 973 2541 noluerent
995 2477 1027 2540 et
1048 2476 1087 2540 ud
1110 2473 1226 2542 bellum
1246 2472 1328 2540 acies
1350 2471 1435 2538 ordi·

241 2589 390 2651 neverant
421 2586 524 2651 nullus
547 2588 614 2652 erat
634 2605 671 2651 er
692 2586 821 2652 adverso
853 2584 1103 2652 adversariorum
1123 2604 1288 2664 occursus3
1312 2585 1339 2651 si
1361 2603 1434 2652 vero

242 2715 275 2761 se
296 2696 330 2761 in
351 2700 453 2763 castra
485 2697 675 2782 recepissent
708 2701 827 2783 requies
857 2699 901 2764 eis
923 2717 985 2764 non
1005 2698 1147 2779 dabatur,
1180 2697 1350 2785 sagittariis
1381 2715 1435 2762 eos

242 2806 378 2891 undique
409 2828 466 2893 per
497 2809 663 2875 circuitum
695 2809 744 2875 die
765 2813 920 2895 noctuque
940 2807 1169 2876 infestantibus.
1213 2809 1314 2894 igitur
1335 2806 1435 2874 nostri

241 2918 345 2984 loricis
368 2919 482 3000 vestiti,
505 2924 541 2986 ut
562 2921 680 2988 dictum
702 2923 758 3002 est,
781 2920 822 2986 sb
836 2922 880 2988 eis
896 2921 1087 2988 diverterunt
1102 2941 1155 3007 per
1169 2919 1252 2986 idem
1266 2921 1434 2998 desertum,

245 3046 304 3112 quo
328 3032 484 3109 venerant,
518 3031 601 3096 viam
622 3031 835 3117 dirigentibus
870 3035 951 3118 quod
973 3035 1050 3100 alias
1072 3031 1241 3100 divertendi
1262 3033 1351 3097 locus
1373 3047 1435 3095 non

243 3137 355 3206 fuisset
388 3141 473 3206 eduis
510 3145 565 3208 aut
586 3141 750 3226 paludibus
771 3143 843 3210 hinc
864 3145 935 3210 inde
956 3143 1205 3230 impedientibus.
1249 3141 1309 3209 Sed
1330 3144 1361 3207 et
1382 3139 1435 3206 ab

244 3252 351 3315 euntes
384 3251 551 3318 adversarii
583 3273 637 3338 per
658 3255 815 3322 desertum
851 3259 882 3321 et
903 3274 974 3322 rara
996 3256 1146 3341 quaedam
1179 3252 1333 3320 silvestria
1364 3251 1436 3317 hinc

245 3359 317 3426 inde
339 3361 523 3430 comitantes
545 3365 672 3449 longum
700 3365 788 3431 illum
812 3367 951 3432 ordinem
973 3364 1154 3431 abeuntium
1176 3363 1299 3449 sagittis
1321 3381 1340 3426 a
1361 3362 1435 3427 dex·

244 3470 301 3536 tris
324 3474 356 3537 et
377 3472 511 3538 sinistris
543 3474 727 3560 fatigabunt.
771 3478 927 3561 Quidum
956 3477 1111 3543 anostris
1144 3474 1332 3561 fugabantur
1364 3489 1436 3538 mox

245 3588 353 3654 eadem
374 3585 500 3652 levitate
537 3605 597 3672 que
618 3589 763 3674 fugerant
784 3588 973 3655 revelabant.
1017 3585 1155 3671 Contigit
1185 3588 1302 3664 autem,
1334 3585 1372 3649 ut
1402 3583 1433 3649 in

246 3699 376 3784 quedam
409 3717 485 3783 rupe
516 3715 630 3784 magna
659 3718 731 3785 pers
763 3703 940 3766 nostrorum
973 3717 1035 3765 una
1056 3717 1090 3763 se
1110 3696 1250 3763 noctium
1270 3693 1436 3779 recepisset

246 3810 372 3877 credens
395 3830 428 3876 se
449 3810 513 3876 illic
534 3810 574 3877 ab
595 3812 842 3879 adversariomm
870 3812 996 3899 sagittis
1018 3829 1110 3897 posse
1131 3809 1331 3894 requiescere.
1374 3803 1434 3873 Sed

245 3920 412 3987 adversarii
444 3921 551 3988 eadem
584 3942 661 4008 mpe
698 3923 888 3990 circumdata
920 3926 953 3989 et
983 3925 1157 4008 expugnata
1192 3938 1317 3988 omnem
1349 3918 1434 3985 illam

245 4031 476 4098 multitudinem
499 4034 547 4098 vel
567 4033 678 4119 gladiis
700 4038 896 4120 peremerunt
916 4036 965 4101 vel
985 4035 1125 4121 captivos
1139 4032 1341 4112 abduxerunt,
1363 4048 1435 4116 rege

247 4145 354 4209 nostro
377 4147 522 4210 eventum
551 4144 596 4212 rei
616 4145 740 4233 penitus
758 4147 934 4234 ignorante,
962 4146 1188 4234 aliquantulum
1210 4145 1292 4214 enim
1312 4142 1433 4229 longius

348 4365 368 4432 ¹)
386 4363 443 4417 cod.
462 4363 587 4418 exercitu.

346 4461 367 4532 ¹)
387 4463 443 4520 cod.
462 4463 541 4518 ferre.
