3084 5196
1202 409 1264 476 193

80 602 128 648 ons
146 582 284 647 divinam
305 575 501 644 clementiam
515 572 556 639 ad
570 571 804 639 miserationem
818 591 986 660 provocare
1001 575 1129 644 confidit
1144 577 1262 646 dicens:

79 695 265 760 Miserere
287 688 361 754 mei
382 683 565 765 Domine,
594 686 779 769 quoniam
799 686 992 755 infirmus
1014 687 1134 776 sum.¹)
1178 692 1269 760 Unde

80 808 105 871 et
123 805 270 890 principes
292 796 520 883 Apostolorum
554 795 668 862 Petrus
691 800 722 862 et
744 798 861 864 Paulus
895 799 1139 868 misericordiam
1161 822 1270 870 consc-

79 910 133 976 cuti
153 914 237 988 sunt,
260 909 342 993 quod
364 926 426 974 non
447 926 503 992 per
524 907 678 973 malitiam
700 909 755 973 sed
776 927 857 974 unus
872 929 927 994 per
941 911 1168 996 infirmitatem,
1190 916 1271 982 alter

78 1042 123 1107 per
140 1021 349 1107 ignorantiam
372 1022 586 1104 peccaverant,
609 1038 690 1086 unus
714 1022 767 1104 qui
789 1021 869 1087 mori
891 1023 1005 1090 timens
1020 1024 1119 1092 uitam
1133 1027 1268 1112 negavit,

79 1135 145 1200 alter
177 1133 229 1218 qui
254 1132 415 1201 Christum
446 1133 593 1217 ignorans
625 1131 730 1217 ipsum
751 1133 870 1200 insuia
902 1133 1053 1203 membris
1086 1141 1269 1223 persecutus

80 1249 126 1312 est.
169 1245 244 1328 Quis
266 1245 374 1310 autem
396 1243 535 1310 omnium
577 1243 777 1328 antiquorum
799 1245 831 1310 et
847 1242 1009 1328 justorum
1041 1249 1113 1312 ante
1136 1249 1271 1314 mortem

81 1355 184 1426 Christi
203 1373 223 1420 a
244 1357 372 1438 peceato
405 1355 531 1420 mortali
563 1355 643 1422 liber
679 1355 807 1422 extitit?
852 1354 967 1422 Omnes
1001 1357 1204 1423 criminaliter
1237 1359 1270 1422 ot

79 1466 240 1532 mortaliter
267 1469 475 1552 peccauerunt
496 1467 529 1532 in
551 1467 665 1534 Adam.
710 1469 879 1535 Peccatum
901 1485 975 1534 sane
998 1468 1085 1535 Adae
1108 1468 1268 1535 criminale

80 1580 106 1642 et
124 1579 252 1644 mortale
273 1577 413 1659 dixerim,
437 1597 499 1645 non
522 1580 603 1660 tam,
627 1579 701 1665 quia
721 1579 934 1646 inobedienter
955 1581 995 1645 ad
1015 1579 1198 1646 interdictae
1219 1597 1270 1646 ar-

78 1684 151 1754 boris
182 1687 325 1754 fructum
359 1689 524 1756 extendens
558 1708 688 1756 manum
725 1689 793 1775 ejus
816 1710 905 1759 esum
927 1690 1148 1779 praesumpsit,
1170 1709 1266 1775 quam

80 1800 153 1881 quod
164 1801 331 1885 requisitus
349 1804 380 1868 et
394 1801 578 1886 redargutus
594 1820 613 1868 a
627 1802 763 1870 Domino
786 1802 922 1888 superba
944 1801 1124 1871 defensione
1146 1805 1269 1868 reatum

79 1911 199 1993 maurit,
235 1913 383 1980 nimirum
412 1914 445 1979 in
477 1914 584 1999 ipsum
616 1913 698 1981 vitae
731 1917 892 1982 auctorem
925 1914 1074 2000 inp'uriose
1106 1917 1271 2000 peccatum

79 2023 254 2110 intorquens,
279 2025 332 2110 qui
353 2025 448 2092 talem
471 2024 499 2091 ei
523 2026 640 2093 sociam
658 2026 787 2106 dederit,
811 2025 900 2110 cujus
923 2044 1019 2093 suasu
1033 2026 1073 2092 ad
1094 2025 1159 2092 tale
1181 2024 1272 2110 flagi·

80 2135 149 2201 tium
168 2137 273 2203 induci
294 2138 440 2222 potuerit.
462 2137 548 2204 Haec
570 2139 663 2223 plane
686 2137 819 2222 superba
841 2141 873 2205 et
886 2137 1014 2204 inimica
1028 2137 1134 2204 relisio
1149 2137 1270 2222 peccati

79 2244 107 2310 in
126 2249 222 2314 Deum
243 2247 332 2315 Adae
353 2248 476 2334 parenti
497 2251 605 2314 nostro
625 2249 759 2314 maxime
780 2248 813 2314 in
835 2250 954 2315 crimen
975 2250 1108 2316 mortale
1123 2249 1270 2332 deputata

80 2362 129 2439 est,
150 2376 206 2443 qua
228 2360 326 2425 etiam
348 2359 495 2446 snperbia
528 2365 652 2427 tumens
689 2360 854 2445 uerbisque
875 2359 1117 2446 indisciplinatis
1141 2359 1268 2425 inimice

78 2469 252 2557 increpitans
275 2475 307 2538 et
328 2471 492 2558 increpans
526 2475 669 2538 mortuus
698 2472 805 2539 eadem
828 2471 929 2538 disin
949 2471 1055 2536 anima
1086 2488 1160 2537 cum
1181 2469 1268 2536 socia

78 2582 185 2664 peccati
206 2581 348 2668 conjuge,
370 2583 454 2650 sicut
469 2583 513 2649 eis
528 2600 547 2648 a
562 2583 696 2650 Domino
720 2582 931 2648 comminante
945 2581 1139 2668 praedictum
1154 2580 1266 2661 iuerat,

78 2697 173 2774 postea
194 2695 367 2763 certissime
399 2694 494 2761 etiam
516 2695 639 2760 animae
661 2711 680 2758 a
701 2711 832 2779 corpore
868 2694 1062 2778 separatione
1084 2692 1268 2772 moriturus,

80 2803 150 2870 siout
175 2825 229 2890 per
251 2805 415 2892 superbiae
446 2804 649 2872 rebellionem
681 2805 803 2870 animae
835 2806 1029 2890 separatione
1050 2823 1070 2871 a
1091 2805 1157 2870 Deo
1198 2821 1270 2868 mor

79 2920 191 2996 peceato
228 2918 365 2984 admisso
398 2916 501 2984 fuerat
523 2920 676 2984 mortuus.
722 2916 857 3002 Propter
879 2915 937 2983 boc
960 2935 1033 3001 ergo
1056 2916 1164 3000 magni
1195 2932 1270 2998 pro-

81 3027 177 3110 phetae
197 3029 398 3096 descensione
429 3030 469 3095 ad
490 3047 548 3096 nos
570 3030 696 3115 penitus
718 3028 919 3115 indiguimus,
943 3030 1096 3111 quatenus
1118 3024 1270 3113 appositi-

82 3155 130 3206 one
149 3142 207 3209 oris
229 3142 270 3208 ad
293 3160 338 3224 os,
362 3142 524 3209 oculorum
545 3142 586 3206 ad
608 3142 733 3222 oculos,
747 3159 899 3209 manuum
920 3141 961 3205 ad
981 3156 1093 3205 manns
1117 3156 1154 3203 ac
1171 3136 1269 3203 totius

81 3251 240 3334 majestatis
271 3270 347 3318 suae
379 3251 590 3320 contractione
613 3255 644 3318 et
666 3252 801 3336 quadam
834 3250 1051 3337 compassione
1073 3249 1182 3334 suique
1206 3247 1268 3314 exi·

81 3363 221 3430 nanitione
255 3381 426 3448 supernos
448 3381 575 3429 rursum
611 3363 777 3447 inspiraret
798 3363 831 3428 in
853 3361 967 3428 faciem
998 3361 1119 3428 animae
1141 3363 1267 3425 nostrae

84 3473 256 3556 spiraculum
277 3476 360 3542 vitae
381 3475 529 3556 melioris,
564 3493 659 3560 quam
680 3475 713 3541 in
736 3475 888 3561 principio
921 3474 954 3540 in
984 3473 1097 3540 faciem
1129 3469 1267 3556 parentis

84 3587 168 3652 nostri
188 3587 276 3654 Adae
299 3588 492 3672 corporalem
513 3587 729 3672 inspiraverat.
774 3587 890 3653 Faetus
914 3584 997 3651 enim
1019 3580 1122 3650 fuerat
1145 3581 1266 3666 primus

83 3692 161 3763 homo
181 3698 213 3764 in
235 3698 373 3764 animam
394 3697 560 3780 viventem,
582 3695 772 3765 nouissimus
794 3697 827 3763 in
849 3697 995 3784 spiritum
1017 3694 1269 3777 vivificanteml)

561 4006 671 4074 Gap.
691 4005 772 4060 111.

172 4181 275 4268 Usque
296 4181 374 4249 adeo
396 4183 502 4248 antem
534 4198 666 4266 magnus
700 4178 852 4263 propheta
885 4179 991 4244 noster
1012 4176 1162 4257 Elisaeus,
1186 4177 1269 4262 quod

89 4293 129 4357 est
145 4292 376 4380 interpretatum
408 4292 479 4359 Dei
511 4295 583 4362 mei
618 4293 728 4360 salus
762 4293 782 4358 i.
806 4312 832 4358 e.
856 4291 1011 4357 Dominus
1043 4294 1151 4358 noster
1171 4290 1267 4358 Josus

93 4433 319 4450 5-—

176 4512 194 4582 ¹)
210 4515 252 4570 Ps.
271 4515 297 4572 6.
311 4511 341 4568 3.
361 4539 395 4554 ·-
417 4508 438 4580 ¹)
456 4509 478 4564 Ι.
498 4508 554 4565 cor.
576 4509 620 4565 15.
639 4508 685 4564 45.
1129 4587 1168 4655 13
