3168 5190
1266 392 1327 460 251

16 593 17 596 ¹
126 580 265 631 summae
287 562 423 642 veritati,
460 579 538 646 quaa
562 559 708 626 Christus
732 563 789 640 est,
824 563 951 649 insuper
974 563 1093 647 atejus
1117 564 1204 630 Patri
1240 564 1334 630 simul

126 679 157 742 et
177 674 345 741 amborum
368 672 498 758 Spiritui
521 671 672 756 injuriosa
694 676 726 740 et
742 675 967 741 contumeliosa
990 675 1121 740 existit?
1143 676 1233 742 Unde
1250 693 1334 741 vera-

126 787 202 853 oiter
223 787 263 852 de
285 783 439 869 ejusmodi
462 783 712 851 aedificatoribus
736 787 781 852 ait
802 787 974 853 Dominus:
1019 787 1334 872 coeperuntque

127 899 197 965 hoo
219 898 351 964 faeere
384 916 452 964 neo
474 894 680 963 desistant
708 915 726 962 a
749 897 1073 983 cogitationibus
1108 899 1190 964 suis
1213 901 1335 965 donec

128 1028 191 1076 eas
216 1026 335 1093 opere
358 1009 622 1094 compleant.¹)
646 1007 699 1075 Illi
721 1009 804 1076 enim
826 1010 923 1096 prinri
946 1010 1158 1076 aedificatores
1181 1012 1334 1077 materiali

16 1173 17 1188 ,
128 1120 204 1187 turri
228 1120 313 1186 ooalo
335 1118 453 1184 bellum
472 1119 588 1186 inferre
611 1120 729 1186 frustra
751 1121 853 1186 moliti
875 1124 967 1202 sunt,
999 1125 1032 1187 at
1054 1140 1161 1187 eorum
1185 1139 1334 1206 sequaces

129 1231 278 1298 haeretiei
310 1249 373 1296 non
406 1233 509 1298 solum
542 1232 718 1298 aedificium
748 1232 933 1316 injuriosum
967 1231 1022 1297 sed
1045 1235 1077 1296 et
1099 1233 1332 1299 ooelimaohiam

129 1347 237 1410 eontra
259 1344 362 1408 Deum
384 1345 566 1428 oonoeptam
582 1362 673 1429 opere
687 1345 932 1429 compleverumt.
951 1344 1035 1427 Quid
1050 1344 1134 1408 enim
1147 1345 1332 1429 injuriarum

128 1457 236 1520 eontra
257 1453 375 1519 Filium
395 1454 455 1520 Dei
478 1452 573 1519 Arius
607 1473 670 1521 non
702 1455 844 1521 evomuit
865 1473 959 1539 quem
982 1459 1157 1521 ereaturam
1189 1457 1254 1521 veri
1273 1456 1333 1522 Dei

16 1599 17 1612 κ
127 1565 230 1650 potius
254 1582 349 1649 quam
371 1583 479 1630 varum
502 1566 566 1631 vari
588 1566 646 1631 Dei
668 1565 769 1631 filium
792 1585 930 1631 asserere
951 1567 1162 1652 praesumpsit
1184 1567 1279 1634 etiam
1300 1569 1333 1634 in

128 1699 162 1746 eo
185 1697 247 1764 quo
271 1676 409 1745 Verbum
443 1683 510 1744 erat
541 1678 574 1742 iu
596 1677 747 1764 principio
781 1677 886 1744 dioeus
922 1678 1071 1762 quoniam
1105 1681 1171 1744 erat
1205 1683 1331 1765 tempus

130 1790 250 1876 quando
273 1805 336 1855 non
358 1791 446 1855 erat?
490 1789 571 1872 Quid
593 1788 747 1854 Sabellius
781 1791 889 1854 eontra
922 1789 1095 1854 divinarum
1128 1808 1334 1875 personarum

130 1903 317 1970 Trinitatem
337 1920 401 1967 nou
418 1901 606 1968 delatravit?
629 1901 711 1985 Quid
733 1899 935 1966 Macedonius
956 1905 1064 1967 ooutra
1079 1898 1215 1987 Spiritus
1234 1902 1334 1968 saneti

130 2013 325 2080 divinitatem
358 2031 410 2080 ora
432 2015 557 2098 vipereo
579 2031 643 2079 non
665 2010 828 2078 sibilavit?
863 2012 944 2095 Quid
966 2011 1118 2078 Photinus
1141 2011 1333 2098 blasphemi-

130 2144 219 2192 arum
253 2113 363 2192 eontra
395 2125 530 2191 hominis
565 2123 719 2210 assumpti
751 2123 946 2189 divinitatem
979 2142 1086 2189 varam
1108 2127 1139 2190 et
1160 2126 1334 2190 naturalem

130 2256 191 2303 uon
212 2235 381 2303 ebullivit?
414 2237 503 2322 eujus
537 2236 651 2302 erroris
684 2237 823 2321 pravitas
857 2236 931 2302 lieet
964 2236 1161 2322 generalibus
1195 2237 1333 2303 oonsiliis

131 2351 254 2434 explosa
276 2351 308 2414 et
329 2347 590 2414 anathematizata
623 2347 665 2412 sit
701 2346 770 2412 faex
803 2349 908 2412 tamen
942 2348 1008 2432 ejus
1042 2349 1175 2415 neudum
1208 2349 1333 2434 penitus

132 2461 285 2529 exinanita
307 2463 366 2527 est
388 2459 477 2527 Unde
492 2478 570 2546 pena
585 2459 792 2526 cottidianum
807 2457 897 2525 nobis
922 2462 1029 2525 eontra
1052 2461 1152 2526 nostri
1173 2459 1334 2543 temporis.

132 2571 334 2640 Photinianos
356 2571 475 2639 bellum
490 2576 539 2638 est
554 2572 617 2638 illis
632 2572 793 2638 homiuem
814 2575 1011 2658 assumptum
1026 2591 1084 2638 neo
1098 2570 1204 2638 Deum
1225 2589 1335 2637 verum

132 2703 186 2752 nae
200 2685 260 2751 Dei
281 2684 400 2750 Filium
421 2683 482 2749 uisi
496 2703 551 2768 per
565 2683 774 2768 adoptionem,
799 2684 1063 2768 quemadmodum
1085 2702 1165 2748 unus
1182 2702 1218 2747 ex
1233 2680 1334 2762 uobis,

132 2792 360 2875 asserentibus,
394 2793 485 2860 nobis
517 2813 589 2861 vero
613 2795 760 2860 decontra
781 2792 918 2861 hominis
950 2795 1104 2880 assumpti
1139 2792 1335 2859 divinitatem

133 2926 240 2974 veram
262 2910 295 2973 et
315 2908 491 2974 naturalem
514 2904 770 2973 contestantibus.

233 3019 422 3086 Naturalam
456 3022 563 3086 autem
595 3019 730 3086 hominis
763 3018 796 3084 in
819 3017 924 3085 Deum
954 3019 1109 3104 assumpti
1141 2999 1335 3084 divinitatem

133 3131 312 3211 asserimus,
325 3149 361 3196 eo
385 3128 466 3216 quod
488 3149 550 3196 nou
571 3130 736 3215 adoptione
759 3129 841 3196 sieut
858 3147 939 3216 unus
962 3148 998 3194 ex
1019 3128 1109 3195 nobis
1132 3131 1185 3196 sed
1207 3146 1336 3214 genera·

132 3240 217 3308 tione
240 3241 343 3307 divina
358 3242 416 3307 Dei
438 3239 555 3326 Spiritu
577 3239 685 3308 sanato
707 3241 739 3306 in
761 3238 914 3326 virginem
937 3241 1171 3326 superveniente
1185 3241 1217 3304 in
1233 3241 1335 3304 Deum

133 3357 225 3420 natum
250 3353 301 3418 sit
326 3352 459 3433 Etenim,
482 3355 518 3417 ut
540 3352 585 3418 ait
606 3352 756 3431 Hilarius,
781 3351 921 3435 quamvis
945 3371 1006 3418 uon
1029 3355 1140 3418 natura
1161 3349 1335 3416 nativitatis
1401 3371 1403 3378 ‘

135 3465 188 3532 sed
210 3464 359 3531 nativitas
381 3468 510 3530 naturae
533 3463 575 3528 sit
596 3481 768 3547 numquam
790 3466 894 3529 tamen
915 3463 1062 3528 nativitas
1085 3466 1170 3528 extra
1191 3463 1336 3526 naturam

136 3595 202 3642 esse
224 3575 355 3662 patitur.
378 3575 460 3641 Item
477 3575 546 3662 ipse
568 3593 661 3658 super
683 3575 791 3639 eadem
807 3573 1002 3641 divinissima
1018 3574 1134 3643 Christi
1156 3572 1335 3639 nativitate:

136 3685 292 3772 Superior,
315 3685 369 3767 ait,
390 3690 502 3752 natura
523 3687 556 3752 in
577 3685 755 3752 inferiorem
786 3690 860 3752 nata
882 3687 975 3754 fidem
997 3690 1136 3773 praestat
1157 3686 1354 3752 interiorem

136 3802 281 3865 naturam
303 3797 336 3863 iu
357 3801 503 3863 naturam
531 3816 624 3883 posse
646 3799 733 3864 nasei
754 3797 916 3883 potiorem.
