3172 5202
1244 446 1305 510 115

96 625 258 693 quaerens,
292 625 356 673 non
388 605 480 672 facile
501 606 742 691 deprehenderet
776 626 902 676 caueam
925 607 1092 677 Alexandri
1126 629 1194 678 esse
1216 615 1305 682 meli·

94 723 212 787 orem?
235 720 296 789 Sed
318 737 443 786 eversor
465 718 590 803 pietatis
607 718 788 802 etjustitiae
810 719 954 787 diabolus
975 742 1031 806 per
1044 723 1126 790 ’suos
1149 726 1300 794 satellites

95 833 134 898 ad
159 833 272 900 callida
294 834 479 916 argumenta
502 830 700 912 convertitur,
717 832 740 912 ¹)
775 833 951 918 excogitans
982 836 1116 919 qualiter
1137 838 1239 906 lucem
1262 843 1305 905 te·

94 943 208 1010 nebras
231 961 270 1008 ac
292 939 437 1008 tenebras
459 943 561 1008 lucem
582 948 720 1027 poneret,
753 947 887 1030 qualiter
920 951 1044 1032 partem
1066 948 1234 1016 Alexandri
1256 952 1305 1017 in·

95 1057 239 1122 firmaret
260 1073 297 1122 cc
319 1071 394 1120 suae
415 1052 512 1119 robur
532 1055 707 1140 acquireret
728 1074 826 1141 eaque
848 1063 931 1125 esset
953 1060 981 1124 ei
1003 1060 1133 1141 utilitas,
1157 1067 1193 1128 ut
1208 1065 1306 1130 eccie-

95 1168 142 1233 sia
165 1167 283 1236 cirici
306 1165 507 1234 scinderetur.
552 1167 631 1250 Quia
653 1167 791 1233 enimin
814 1169 973 1236 electionis
1008 1174 1039 1237 et
1061 1175 1305 1240 consecrationis

95 1280 217 1346 ratione
239 1297 314 1365 pars
337 1276 501 1345 Octaviani
534 1298 567 1344 se
588 1279 665 1344 vidit
687 1283 719 1346 et
740 1281 868 1366 agnovit
901 1281 1080 1348 inferiorem
1118 1282 1304 1368 quibusdam

95 1391 352 1458 adinventionum
379 1391 529 1458 cuniculis
562 1394 684 1474 partem
706 1391 874 1457 Alexandri
903 1393 1005 1476 coepit
1037 1391 1207 1476 infamare,
1242 1415 1304 1461 non

91 1501 157 1585 jam
181 1503 327 1570 electioni
360 1502 427 1588 ejus
460 1504 612 1588 derogans
641 1503 692 1569 rel
725 1503 989 1568 consecrationem
1010 1505 1190 1588 profanans,
1226 1526 1305 1590 quae

95 1617 158 1682 suis
179 1614 355 1682 rationibus
378 1616 549 1683 secundum
572 1633 704 1683 canones
728 1615 924 1696 constabant,
964 1616 1019 1680 sed
1040 1635 1189 1698 personas
1212 1617 1304 1684 electi

97 1730 126 1792 et
147 1727 334 1812 eligentium
367 1727 452 1812 apud
473 1730 639 1812 augustale
660 1729 825 1812 imperium
854 1747 923 1794 reos
946 1727 1119 1811 majestatis
1144 1728 1304 1812 sugillans,

96 1841 251 1922 qnatenus
285 1842 317 1905 et
339 1837 399 1906 sibi
421 1838 546 1925 imperii
568 1841 767 1906 clementiam
798 1839 978 1905 conciliaret
1001 1842 1033 1902 et
1054 1839 1200 1904 adversae
1222 1840 1305 1922 parti

97 1950 296 2035 majestatem
328 1949 480 2017 offensam
509 1951 659 2019 redderet.
705 1951 795 2017 Unde
817 1954 849 2016 et
870 1951 973 2036 primo
1007 1948 1174 2016 mussitare
1195 1950 1305 2016 deinde

97 2079 166 2128 roro
190 2064 310 2148 apertis
343 2061 472 2129 vocibus
506 2064 640 2129 clamare
674 2064 844 2148 coeperunt
877 2080 913 2127 ac
936 2061 1046 2141 dicere,
1081 2080 1246 2126 numerum
1267 2063 1305 2126 de

96 2178 183 2258 parto
205 2174 375 2240 Alexandri
399 2174 611 2242 Cardinatium
646 2175 855 2259 spernendum
878 2193 946 2238 esse
968 2176 1097 2257 propter
1120 2173 1304 2256 conspirati·

94 2285 158 2350 onis
181 2287 302 2366 uotam,
338 2304 417 2371 quae
440 2305 473 2352 se
495 2286 648 2352 notabiles
682 2287 744 2372 ipsi
763 2285 962 2351 reddiderint.
1008 2284 1174 2369 Duplioem
1196 2289 1302 2350 autem

94 2397 134 2462 eis
157 2397 424 2483 conspirationem
447 2399 496 2465 rel
513 2397 759 2482 conjurationem
774 2396 933 2480 objiciunt,
957 2414 1052 2462 unam
1076 2395 1171 2480 qna²)
1193 2398 1302 2461 contra

93 2509 258 2592 angustale
279 2508 446 2594 imperium
468 2511 617 2577 Friderici
649 2511 848 2594 imperatoris
885 2513 917 2574 et
939 2511 1047 2575 contra
1068 2508 1303 2573 laudamentum

93 2619 124 2684 in
145 2618 241 2687 verbo
265 2621 392 2687 Domini
414 2621 544 2701 iactum,
567 2621 670 2686 adhuc
693 2621 814 2686 vivente
830 2637 914 2704 papa
930 2619 1077 2697 Adriano,
1101 2636 1173 2683 cum
1196 2617 1301 2684 Siculo

94 2730 292 2797 Willchelmo
316 2735 347 2798 et
370 2733 655 2800 Mediolanensibus
689 2734 820 2817 aliisque
851 2731 985 2797 inimicis
1007 2730 1131 2815 imperii
1153 2730 1303 2796 foederati

94 2840 179 2921 sint;
204 2843 374 2908 secundam
397 2861 468 2929 qua,
492 2847 527 2910 ut
550 2847 676 2911 easdem
697 2848 806 2911 contra
827 2843 992 2929 imperium
1013 2844 1177 2926 conceptas
1199 2840 1304 2905 iuimi-

94 2957 182 3023 citias
205 2955 246 3020 ad
268 2954 363 3021 finem
385 2975 484 3040 nsque
506 2957 696 3022 destinatum
720 2957 934 3042 perducerent,
958 2956 1037 3021 inter
1061 2974 1094 3020 se
1116 2950 1303 3018 sacramenti

93 3066 286 3152 firmitudine
308 3068 506 3133 convenerint
542 3070 709 3134 decedente
743 3085 826 3153 papa
849 3067 987 3133 Adriano
1010 3084 1071 3131 non
1095 3065 1193 3130 alium
1215 3083 1248 3130 se
1270 3063 1303 3129 in

92 3197 206 3263 papam
229 3178 395 3259 electuros,
418 3178 478 3244 nisi
500 3178 552 3263 qui
575 3177 715 3262 ejusdem
738 3177 959 3262 conjurationis
981 3194 1112 3242 consors
1135 3173 1298 3240 extitisset.

92 3289 232 3356 Verbum
267 3293 373 3355 autem
409 3290 647 3376 conspirationis
669 3290 799 3375 pecunia
839 3289 934 3354 Siculi
968 3291 999 3353 et
1020 3285 1300 3353 Mediolanensium

92 3404 273 3486 coemptum
294 3401 356 3466 hoc
377 3419 447 3466 esse
469 3401 592 3467 dicunt:
615 3404 767 3484 quatenus
789 3401 1009 3483 imperatorem
1031 3397 1224 3462 Fridericum
1247 3414 1299 3460 ex·

92 3510 361 3576 communicarent
382 3515 414 3578 et
435 3512 553 3597 absque
575 3511 703 3578 consilio
717 3510 905 3578 Willeholmi
927 3508 1024 3576 Siculi
1040 3509 1071 3573 et
1083 3505 1296 3573 Mediolanen-

91 3621 176 3687 sium
196 3640 371 3707 numquam
393 3622 600 3690 absolverent.

194 3732 239 3800 At
259 3751 332 3800 cum
354 3734 461 3801 dicunt
484 3735 527 3800 eis
549 3733 592 3815 hi,
616 3733 669 3820 qui
690 3734 829 3800 nondum
852 3732 883 3797 in
905 3731 985 3797 hanc
1008 3731 1055 3796 vel
1078 3730 1301 3813 iiiampartem

91 3853 301 3930 accesserunt,
325 3849 477 3930 qnatenus
499 3844 633 3932 probent
655 3861 735 3929 quae
749 3843 856 3908 dicunt
868 3839 1106 3926 respondentes:
1131 3837 1296 3922 quomodo,

89 3963 247 4048 inquiunt,
270 3962 379 4027 contra
401 3978 453 4026 eos
475 3957 607 4044 probare
630 3956 704 4040 quid
725 3973 904 4039 possumus,
928 3951 980 4036 qui
1003 3968 1128 4016 omnem
1151 3950 1300 4015 ecclesiae

89 4071 285 4139 audientiam
308 4068 542 4154 subterfirgiunt
559 4068 610 4136 vel
633 4065 780 4151 exagitati
801 4065 903 4129 maiae
936 4061 1063 4129 stimulo
1090 4060 1296 4127 conscientiae

198 4334 218 4407 1)
238 4337 328 4392 clarc
345 4337 495 4404 marginalis
514 4334 548 4389 ab
567 4349 630 4387 anno
653 4331 732 4387 1525.
753 4328 921 4383 Diabolus
940 4327 1149 4393 praecipuus
1170 4324 1300 4376 elector

236 4452 353 4506 papae

198 4536 218 4606 ²)
237 4537 292 4592 ced.
313 4550 399 4602 qnam.

1159 4601 1199 4670 8*
