<?xml version="1.0" encoding="UTF-8"?>
<!DOCTYPE html PUBLIC "-//W3C//DTD XHTML 1.0 Transitional//EN"
    "http://www.w3.org/TR/xhtml1/DTD/xhtml1-transitional.dtd">
<html xmlns="http://www.w3.org/1999/xhtml" xml:lang="en" lang="en">
 <head>
  <title>
</title>
<meta http-equiv="Content-Type" content="text/html;charset=utf-8" />
  <meta name='ocr-system' content='tesseract 3.04.00' />
  <meta name='ocr-capabilities' content='ocr_page ocr_carea ocr_par ocr_line ocrx_word'/>
</head>
<body>
  <div class='ocr_page' id='page_1' title='image "./operahactenusin00schegoog_0181.png"; bbox 0 0 3172 5202; ppageno 0'>
   <div class='ocr_carea' id='block_1_1' title="bbox 591 721 1112 935">
    <p class='ocr_par' dir='ltr' id='par_1_1' title="bbox 591 721 1112 935">
     <span class='ocr_line' id='line_1_1' title="bbox 672 721 1025 791; baseline 0.008 -13"><span class='ocrx_word' id='word_1_1' title='bbox 672 721 783 791; x_wconf 79' lang='lat' dir='ltr'>cap.</span> <span class='ocrx_word' id='word_1_2' title='bbox 802 721 1025 782; x_wconf 82' lang='lat' dir='ltr'>LXXXV.</span> 
     </span>
     <span class='ocr_line' id='line_1_2' title="bbox 591 844 1112 935; baseline 0.002 -21"><span class='ocrx_word' id='word_1_3' title='bbox 591 844 785 915; x_wconf 77' lang='lat' dir='ltr'>dravumina</span> <span class='ocrx_word' id='word_1_4' title='bbox 807 847 920 935; x_wconf 89' lang='lat' dir='ltr'>iniqua</span> <span class='ocrx_word' id='word_1_5' title='bbox 942 847 1112 916; x_wconf 88' lang='lat' dir='ltr'>ecclesiae.</span> 
     </span>
    </p>
   </div>
   <div class='ocr_carea' id='block_1_2' title="bbox 350 1031 1453 1122">
    <p class='ocr_par' dir='ltr' id='par_1_2' title="bbox 350 1031 1453 1122">
     <span class='ocr_line' id='line_1_3' title="bbox 350 1031 1453 1122; baseline 0.006 -24"><span class='ocrx_word' id='word_1_6' title='bbox 350 1032 468 1118; x_wconf 90' lang='lat' dir='ltr'>Purget</span> <span class='ocrx_word' id='word_1_7' title='bbox 491 1052 612 1119; x_wconf 88' lang='lat' dir='ltr'>quoqne</span> <span class='ocrx_word' id='word_1_8' title='bbox 632 1035 771 1120; x_wconf 88' lang='lat' dir='ltr'>primum</span> <span class='ocrx_word' id='word_1_9' title='bbox 797 1034 963 1100; x_wconf 90' lang='lat' dir='ltr'>introitum</span> <span class='ocrx_word' id='word_1_10' title='bbox 985 1031 1052 1118; x_wconf 89' lang='lat' dir='ltr'>ejus</span> <span class='ocrx_word' id='word_1_11' title='bbox 1075 1051 1093 1098; x_wconf 94' lang='lat' dir='ltr'>a</span> <span class='ocrx_word' id='word_1_12' title='bbox 1115 1035 1225 1101; x_wconf 89' lang='lat' dir='ltr'>multis</span> <span class='ocrx_word' id='word_1_13' title='bbox 1249 1039 1282 1102; x_wconf 89' lang='lat' dir='ltr'>et</span> <span class='ocrx_word' id='word_1_14' title='bbox 1302 1037 1453 1122; x_wconf 87' lang='lat' dir='ltr'>gravibus</span> 
     </span>
    </p>
   </div>
   <div class='ocr_carea' id='block_1_3' title="bbox 251 1143 1563 1230">
    <p class='ocr_par' dir='ltr' id='par_1_3' title="bbox 251 1143 1563 1230">
     <span class='ocr_line' id='line_1_4' title="bbox 251 1143 1563 1230; baseline 0.005 -21"><span class='ocrx_word' id='word_1_15' title='bbox 251 1143 353 1210; x_wconf 85' lang='lat' dir='ltr'>causis</span> <span class='ocrx_word' id='word_1_16' title='bbox 375 1145 535 1211; x_wconf 74' lang='lat' dir='ltr'><strong>alterutris</strong></span> <span class='ocrx_word' id='word_1_17' title='bbox 557 1143 598 1211; x_wconf 91' lang='lat' dir='ltr'>ab</span> <span class='ocrx_word' id='word_1_18' title='bbox 620 1147 806 1212; x_wconf 89' lang='lat' dir='ltr'>alterutrum</span> <span class='ocrx_word' id='word_1_19' title='bbox 827 1144 975 1230; x_wconf 81' lang='lat' dir='ltr'>objectio,</span> <span class='ocrx_word' id='word_1_20' title='bbox 999 1147 1035 1210; x_wconf 89' lang='lat' dir='ltr'>ut</span> <span class='ocrx_word' id='word_1_21' title='bbox 1056 1145 1216 1230; x_wconf 88' lang='lat' dir='ltr'>ingressus</span> <span class='ocrx_word' id='word_1_22' title='bbox 1240 1147 1305 1214; x_wconf 90' lang='lat' dir='ltr'>sine</span> <span class='ocrx_word' id='word_1_23' title='bbox 1328 1152 1454 1217; x_wconf 88' lang='lat' dir='ltr'>macula</span> <span class='ocrx_word' id='word_1_24' title='bbox 1562 1159 1563 1176; x_wconf 65' lang='lat'>¹</span> 
     </span>
    </p>
   </div>
   <div class='ocr_carea' id='block_1_4' title="bbox 251 1256 1455 1568">
    <p class='ocr_par' dir='ltr' id='par_1_4' title="bbox 251 1256 1455 1568">
     <span class='ocr_line' id='line_1_5' title="bbox 251 1256 1452 1341; baseline 0.003 -18"><span class='ocrx_word' id='word_1_25' title='bbox 251 1259 394 1341; x_wconf 86' lang='lat' dir='ltr'>operetur</span> <span class='ocrx_word' id='word_1_26' title='bbox 411 1256 578 1341; x_wconf 77' lang='lat' dir='ltr'>Justitiam.</span> <span class='ocrx_word' id='word_1_27' title='bbox 624 1257 742 1340; x_wconf 91' lang='lat' dir='ltr'>Purget</span> <span class='ocrx_word' id='word_1_28' title='bbox 763 1276 886 1341; x_wconf 88' lang='lat' dir='ltr'>quoque</span> <span class='ocrx_word' id='word_1_29' title='bbox 909 1257 1014 1322; x_wconf 88' lang='lat' dir='ltr'>sedem</span> <span class='ocrx_word' id='word_1_30' title='bbox 1033 1257 1134 1339; x_wconf 84' lang='lat' dir='ltr'><strong>ipsam</strong></span> <span class='ocrx_word' id='word_1_31' title='bbox 1155 1257 1260 1340; x_wconf 80' lang='lat' dir='ltr'>Petri„</span> <span class='ocrx_word' id='word_1_32' title='bbox 1274 1260 1452 1328; x_wconf 86' lang='lat' dir='ltr'>Romanam</span> 
     </span>
     <span class='ocr_line' id='line_1_6' title="bbox 251 1368 1454 1450; baseline 0.002 -15"><span class='ocrx_word' id='word_1_33' title='bbox 251 1368 320 1435; x_wconf 90' lang='lat' dir='ltr'>dieo</span> <span class='ocrx_word' id='word_1_34' title='bbox 343 1369 506 1435; x_wconf 87' lang='lat' dir='ltr'>eeclesiam</span> <span class='ocrx_word' id='word_1_35' title='bbox 528 1370 593 1435; x_wconf 82' lang='lat' dir='ltr'>siue</span> <span class='ocrx_word' id='word_1_36' title='bbox 615 1369 743 1450; x_wconf 87' lang='lat' dir='ltr'>curiam,</span> <span class='ocrx_word' id='word_1_37' title='bbox 765 1387 784 1434; x_wconf 91' lang='lat' dir='ltr'>a</span> <span class='ocrx_word' id='word_1_38' title='bbox 805 1369 963 1435; x_wconf 86' lang='lat' dir='ltr'>nonnullis</span> <span class='ocrx_word' id='word_1_39' title='bbox 987 1369 1262 1436; x_wconf 88' lang='lat' dir='ltr'>consuetudinibus</span> <span class='ocrx_word' id='word_1_40' title='bbox 1287 1372 1454 1438; x_wconf 87' lang='lat' dir='ltr'>ecclesiam</span> 
     </span>
     <span class='ocr_line' id='line_1_7' title="bbox 251 1478 1455 1568; baseline 0.003 -22"><span class='ocrx_word' id='word_1_41' title='bbox 251 1481 312 1547; x_wconf 91' lang='lat' dir='ltr'>Dei</span> <span class='ocrx_word' id='word_1_42' title='bbox 331 1500 387 1566; x_wconf 88' lang='lat' dir='ltr'>per</span> <span class='ocrx_word' id='word_1_43' title='bbox 409 1479 516 1546; x_wconf 90' lang='lat' dir='ltr'>orbem</span> <span class='ocrx_word' id='word_1_44' title='bbox 534 1479 681 1546; x_wconf 89' lang='lat' dir='ltr'>diffusam</span> <span class='ocrx_word' id='word_1_45' title='bbox 704 1478 993 1562; x_wconf 75' lang='lat' dir='ltr'>scandalizantibus,</span> <span class='ocrx_word' id='word_1_46' title='bbox 1025 1483 1061 1546; x_wconf 90' lang='lat' dir='ltr'>nt</span> <span class='ocrx_word' id='word_1_47' title='bbox 1084 1483 1132 1546; x_wconf 90' lang='lat' dir='ltr'>est</span> <span class='ocrx_word' id='word_1_48' title='bbox 1152 1482 1240 1564; x_wconf 90' lang='lat' dir='ltr'>illud,</span> <span class='ocrx_word' id='word_1_49' title='bbox 1265 1484 1349 1567; x_wconf 93' lang='lat' dir='ltr'>quod</span> <span class='ocrx_word' id='word_1_50' title='bbox 1372 1489 1455 1568; x_wconf 87' lang='lat' dir='ltr'>epis·</span> 
     </span>
    </p>
   </div>
   <div class='ocr_carea' id='block_1_5' title="bbox 251 1591 1565 1681">
    <p class='ocr_par' dir='ltr' id='par_1_5' title="bbox 251 1591 1565 1681">
     <span class='ocr_line' id='line_1_8' title="bbox 251 1591 1565 1681; baseline 0.005 -24"><span class='ocrx_word' id='word_1_51' title='bbox 251 1592 319 1676; x_wconf 88' lang='lat' dir='ltr'>copi</span> <span class='ocrx_word' id='word_1_52' title='bbox 355 1593 404 1659; x_wconf 86' lang='lat' dir='ltr'>vel</span> <span class='ocrx_word' id='word_1_53' title='bbox 440 1591 662 1675; x_wconf 86' lang='lat' dir='ltr'>archiepiscopi</span> <span class='ocrx_word' id='word_1_54' title='bbox 696 1592 961 1658; x_wconf 88' lang='lat' dir='ltr'>consecrationem</span> <span class='ocrx_word' id='word_1_55' title='bbox 997 1612 1053 1659; x_wconf 89' lang='lat' dir='ltr'>seu</span> <span class='ocrx_word' id='word_1_56' title='bbox 1091 1595 1220 1679; x_wconf 88' lang='lat' dir='ltr'>pallium</span> <span class='ocrx_word' id='word_1_57' title='bbox 1267 1595 1455 1681; x_wconf 81' lang='lat' dir='ltr'>accipientes</span> <span class='ocrx_word' id='word_1_58' title='bbox 1564 1663 1565 1670; x_wconf 69' lang='grc'>,</span> 
     </span>
    </p>
   </div>
   <div class='ocr_carea' id='block_1_6' title="bbox 246 1701 1456 1900">
    <p class='ocr_par' dir='ltr' id='par_1_6' title="bbox 246 1701 1456 1900">
     <span class='ocr_line' id='line_1_9' title="bbox 246 1701 1456 1798; baseline 0.001 -27"><span class='ocrx_word' id='word_1_59' title='bbox 246 1714 353 1798; x_wconf 87' lang='lat' dir='ltr'>jurare</span> <span class='ocrx_word' id='word_1_60' title='bbox 388 1706 542 1789; x_wconf 84' lang='lat' dir='ltr'>coguntur</span> <span class='ocrx_word' id='word_1_61' title='bbox 572 1701 762 1769; x_wconf 78' lang='lat' dir='ltr'>obedientias</span> <span class='ocrx_word' id='word_1_62' title='bbox 800 1706 832 1769; x_wconf 88' lang='lat' dir='ltr'>et</span> <span class='ocrx_word' id='word_1_63' title='bbox 869 1701 1026 1788; x_wconf 89' lang='lat' dir='ltr'>obsequia,</span> <span class='ocrx_word' id='word_1_64' title='bbox 1050 1705 1201 1790; x_wconf 89' lang='lat' dir='ltr'>quaedam</span> <span class='ocrx_word' id='word_1_65' title='bbox 1223 1704 1337 1789; x_wconf 89' lang='lat' dir='ltr'>debita,</span> <span class='ocrx_word' id='word_1_66' title='bbox 1361 1723 1456 1791; x_wconf 88' lang='lat' dir='ltr'>qnae·</span> 
     </span>
     <span class='ocr_line' id='line_1_10' title="bbox 250 1812 1455 1900; baseline 0 -18"><span class='ocrx_word' id='word_1_67' title='bbox 250 1815 439 1882; x_wconf 77' lang='lat' dir='ltr'>demetiam</span> <span class='ocrx_word' id='word_1_68' title='bbox 461 1812 608 1881; x_wconf 90' lang='lat' dir='ltr'>indebita.</span> <span class='ocrx_word' id='word_1_69' title='bbox 652 1813 736 1879; x_wconf 89' lang='lat' dir='ltr'>Nam</span> <span class='ocrx_word' id='word_1_70' title='bbox 770 1814 875 1880; x_wconf 83' lang='lat' dir='ltr'>venire</span> <span class='ocrx_word' id='word_1_71' title='bbox 911 1817 1056 1880; x_wconf 83' lang='lat' dir='ltr'>vocatum</span> <span class='ocrx_word' id='word_1_72' title='bbox 1090 1818 1130 1880; x_wconf 92' lang='lat' dir='ltr'>ad</span> <span class='ocrx_word' id='word_1_73' title='bbox 1161 1816 1314 1900; x_wconf 83' lang='lat' dir='ltr'>synodum</span> <span class='ocrx_word' id='word_1_74' title='bbox 1349 1814 1455 1882; x_wconf 88' lang='lat' dir='ltr'>debita</span> 
     </span>
    </p>
   </div>
   <div class='ocr_carea' id='block_1_7' title="bbox 253 1925 1566 2014">
    <p class='ocr_par' dir='ltr' id='par_1_7' title="bbox 253 1925 1566 2014">
     <span class='ocr_line' id='line_1_11' title="bbox 253 1925 1566 2014; baseline -0.001 -21"><span class='ocrx_word' id='word_1_75' title='bbox 253 1928 376 2014; x_wconf 90' lang='lat' dir='ltr'>quidem</span> <span class='ocrx_word' id='word_1_76' title='bbox 413 1925 587 1992; x_wconf 87' lang='lat' dir='ltr'>obedientia</span> <span class='ocrx_word' id='word_1_77' title='bbox 614 1929 682 2006; x_wconf 89' lang='lat' dir='ltr'>est,</span> <span class='ocrx_word' id='word_1_78' title='bbox 722 1943 799 2010; x_wconf 88' lang='lat' dir='ltr'>quae</span> <span class='ocrx_word' id='word_1_79' title='bbox 836 1944 897 1993; x_wconf 92' lang='lat' dir='ltr'>non</span> <span class='ocrx_word' id='word_1_80' title='bbox 935 1925 1069 1994; x_wconf 82' lang='lat' dir='ltr'>exhibita</span> <span class='ocrx_word' id='word_1_81' title='bbox 1104 1927 1137 1993; x_wconf 92' lang='lat' dir='ltr'>in</span> <span class='ocrx_word' id='word_1_82' title='bbox 1174 1927 1367 2012; x_wconf 80' lang='lat' dir='ltr'>negligentes</span> <span class='ocrx_word' id='word_1_83' title='bbox 1405 1929 1453 1994; x_wconf 86' lang='lat' dir='ltr'>vel</span> <span class='ocrx_word' id='word_1_84' title='bbox 1565 1959 1566 1962; x_wconf 35' lang='lat'>¹</span> 
     </span>
    </p>
   </div>
   <div class='ocr_carea' id='block_1_8' title="bbox 251 2037 1455 2235">
    <p class='ocr_par' dir='ltr' id='par_1_8' title="bbox 251 2037 1455 2235">
     <span class='ocr_line' id='line_1_12' title="bbox 251 2037 1455 2123; baseline -0.001 -17"><span class='ocrx_word' id='word_1_85' title='bbox 251 2038 390 2119; x_wconf 86' lang='lat' dir='ltr'>rebelles,</span> <span class='ocrx_word' id='word_1_86' title='bbox 406 2038 501 2104; x_wconf 89' lang='lat' dir='ltr'>etiarn</span> <span class='ocrx_word' id='word_1_87' title='bbox 515 2055 577 2103; x_wconf 91' lang='lat' dir='ltr'>nou</span> <span class='ocrx_word' id='word_1_88' title='bbox 588 2037 702 2121; x_wconf 74' lang='lat' dir='ltr'>juata,</span> <span class='ocrx_word' id='word_1_89' title='bbox 725 2037 827 2122; x_wconf 86' lang='lat' dir='ltr'>puniri</span> <span class='ocrx_word' id='word_1_90' title='bbox 848 2040 955 2123; x_wconf 90' lang='lat' dir='ltr'>potest</span> <span class='ocrx_word' id='word_1_91' title='bbox 976 2039 1147 2106; x_wconf 91' lang='lat' dir='ltr'>secundum</span> <span class='ocrx_word' id='word_1_92' title='bbox 1169 2058 1321 2120; x_wconf 81' lang='lat' dir='ltr'>oenones,</span> <span class='ocrx_word' id='word_1_93' title='bbox 1346 2041 1455 2107; x_wconf 84' lang='lat' dir='ltr'>uisita-</span> 
     </span>
     <span class='ocr_line' id='line_1_13' title="bbox 251 2149 1455 2235; baseline 0.002 -17"><span class='ocrx_word' id='word_1_94' title='bbox 251 2151 351 2218; x_wconf 89' lang='lat' dir='ltr'>tiones</span> <span class='ocrx_word' id='word_1_95' title='bbox 376 2168 447 2217; x_wconf 81' lang='lat' dir='ltr'>uero</span> <span class='ocrx_word' id='word_1_96' title='bbox 467 2150 540 2216; x_wconf 93' lang='lat' dir='ltr'>illae</span> <span class='ocrx_word' id='word_1_97' title='bbox 562 2149 812 2217; x_wconf 79' lang='lat' dir='ltr'>subauditionem</span> <span class='ocrx_word' id='word_1_98' title='bbox 844 2155 989 2235; x_wconf 85' lang='lat' dir='ltr'>quaestus</span> <span class='ocrx_word' id='word_1_99' title='bbox 1023 2150 1173 2219; x_wconf 90' lang='lat' dir='ltr'>habentes</span> <span class='ocrx_word' id='word_1_100' title='bbox 1196 2153 1277 2220; x_wconf 89' lang='lat' dir='ltr'>sicut</span> <span class='ocrx_word' id='word_1_101' title='bbox 1298 2151 1455 2220; x_wconf 90' lang='lat' dir='ltr'>indebitae</span> 
     </span>
    </p>
   </div>
   <div class='ocr_carea' id='block_1_9' title="bbox 252 2252 1567 2350">
    <p class='ocr_par' dir='ltr' id='par_1_9' title="bbox 252 2252 1567 2350">
     <span class='ocr_line' id='line_1_14' title="bbox 252 2252 1567 2350; baseline 0.002 -22"><span class='ocrx_word' id='word_1_102' title='bbox 252 2264 296 2328; x_wconf 89' lang='lat' dir='ltr'>ita</span> <span class='ocrx_word' id='word_1_103' title='bbox 315 2266 347 2330; x_wconf 89' lang='lat' dir='ltr'>et</span> <span class='ocrx_word' id='word_1_104' title='bbox 369 2261 514 2328; x_wconf 89' lang='lat' dir='ltr'>scandalo</span> <span class='ocrx_word' id='word_1_105' title='bbox 548 2261 657 2346; x_wconf 86' lang='lat' dir='ltr'>plenae</span> <span class='ocrx_word' id='word_1_106' title='bbox 679 2264 761 2342; x_wconf 86' lang='lat' dir='ltr'>sunt,</span> <span class='ocrx_word' id='word_1_107' title='bbox 795 2262 943 2328; x_wconf 91' lang='lat' dir='ltr'>nimirum</span> <span class='ocrx_word' id='word_1_108' title='bbox 977 2261 1067 2329; x_wconf 83' lang='lat' dir='ltr'>beato</span> <span class='ocrx_word' id='word_1_109' title='bbox 1091 2263 1241 2350; x_wconf 78' lang='lat' dir='ltr'>Gregorio</span> <span class='ocrx_word' id='word_1_110' title='bbox 1274 2283 1390 2331; x_wconf 92' lang='lat' dir='ltr'>munus</span> <span class='ocrx_word' id='word_1_111' title='bbox 1412 2264 1453 2331; x_wconf 87' lang='lat' dir='ltr'>ab</span> <span class='ocrx_word' id='word_1_112' title='bbox 1566 2252 1567 2280; x_wconf 62' lang='lat'>¹</span> 
     </span>
    </p>
   </div>
   <div class='ocr_carea' id='block_1_10' title="bbox 250 2371 1454 4138">
    <p class='ocr_par' dir='ltr' id='par_1_10' title="bbox 250 2371 1454 4138">
     <span class='ocr_line' id='line_1_15' title="bbox 253 2371 1452 2460; baseline 0 -18"><span class='ocrx_word' id='word_1_113' title='bbox 253 2375 401 2460; x_wconf 89' lang='lat' dir='ltr'>obsequio</span> <span class='ocrx_word' id='word_1_114' title='bbox 423 2371 560 2440; x_wconf 89' lang='lat' dir='ltr'>indebite</span> <span class='ocrx_word' id='word_1_115' title='bbox 579 2374 720 2457; x_wconf 88' lang='lat' dir='ltr'>impenso</span> <span class='ocrx_word' id='word_1_116' title='bbox 736 2373 768 2438; x_wconf 91' lang='lat' dir='ltr'>in</span> <span class='ocrx_word' id='word_1_117' title='bbox 785 2373 1030 2441; x_wconf 84' lang='lat' dir='ltr'>ordinationibus</span> <span class='ocrx_word' id='word_1_118' title='bbox 1053 2376 1271 2445; x_wconf 87' lang='lat' dir='ltr'>ecclesiasticis</span> <span class='ocrx_word' id='word_1_119' title='bbox 1294 2376 1452 2445; x_wconf 76' lang='lat' dir='ltr'>simoniae</span> 
     </span>
     <span class='ocr_line' id='line_1_16' title="bbox 251 2485 1451 2572; baseline 0.002 -20"><span class='ocrx_word' id='word_1_120' title='bbox 251 2491 326 2554; x_wconf 90' lang='lat' dir='ltr'>uota</span> <span class='ocrx_word' id='word_1_121' title='bbox 359 2487 534 2551; x_wconf 86' lang='lat' dir='ltr'>denotante.</span> <span class='ocrx_word' id='word_1_122' title='bbox 580 2485 765 2569; x_wconf 81' lang='lat' dir='ltr'>Composcat</span> <span class='ocrx_word' id='word_1_123' title='bbox 799 2503 923 2570; x_wconf 88' lang='lat' dir='ltr'>quoque</span> <span class='ocrx_word' id='word_1_124' title='bbox 957 2486 1042 2553; x_wconf 90' lang='lat' dir='ltr'>Dens</span> <span class='ocrx_word' id='word_1_125' title='bbox 1079 2487 1231 2572; x_wconf 87' lang='lat' dir='ltr'>populum</span> <span class='ocrx_word' id='word_1_126' title='bbox 1263 2487 1451 2569; x_wconf 86' lang='lat' dir='ltr'>Romanum,</span> 
     </span>
     <span class='ocr_line' id='line_1_17' title="bbox 251 2596 1453 2685; baseline -0.002 -19"><span class='ocrx_word' id='word_1_127' title='bbox 251 2596 384 2665; x_wconf 90' lang='lat' dir='ltr'>bestiam</span> <span class='ocrx_word' id='word_1_128' title='bbox 417 2597 510 2663; x_wconf 90' lang='lat' dir='ltr'>nimis</span> <span class='ocrx_word' id='word_1_129' title='bbox 543 2596 725 2681; x_wconf 88' lang='lat' dir='ltr'>inquietam,</span> <span class='ocrx_word' id='word_1_130' title='bbox 763 2617 881 2683; x_wconf 91' lang='lat' dir='ltr'>suoque</span> <span class='ocrx_word' id='word_1_131' title='bbox 908 2598 1053 2666; x_wconf 86' lang='lat' dir='ltr'>Pontifici</span> <span class='ocrx_word' id='word_1_132' title='bbox 1087 2599 1248 2666; x_wconf 86' lang='lat' dir='ltr'>occasione</span> <span class='ocrx_word' id='word_1_133' title='bbox 1279 2598 1453 2685; x_wconf 83' lang='lat' dir='ltr'>aecipiendi</span> 
     </span>
     <span class='ocr_line' id='line_1_18' title="bbox 250 2707 1450 2798; baseline 0.001 -22"><span class='ocrx_word' id='word_1_134' title='bbox 250 2710 382 2776; x_wconf 88' lang='lat' dir='ltr'>nimium</span> <span class='ocrx_word' id='word_1_135' title='bbox 403 2708 588 2791; x_wconf 82' lang='lat' dir='ltr'>intestam.¹)</span> <span class='ocrx_word' id='word_1_136' title='bbox 627 2708 775 2794; x_wconf 87' lang='lat' dir='ltr'>Alioquin</span> <span class='ocrx_word' id='word_1_137' title='bbox 798 2708 955 2776; x_wconf 89' lang='lat' dir='ltr'>stantibus</span> <span class='ocrx_word' id='word_1_138' title='bbox 978 2709 1079 2777; x_wconf 86' lang='lat' dir='ltr'>adhuc</span> <span class='ocrx_word' id='word_1_139' title='bbox 1102 2714 1134 2777; x_wconf 90' lang='lat' dir='ltr'>et</span> <span class='ocrx_word' id='word_1_140' title='bbox 1155 2707 1450 2798; x_wconf 82' lang='lat' dir='ltr'>permanentibus’)</span> 
     </span>
     <span class='ocr_line' id='line_1_19' title="bbox 251 2821 1453 2908; baseline 0.001 -19"><span class='ocrx_word' id='word_1_141' title='bbox 251 2824 284 2890; x_wconf 90' lang='lat' dir='ltr'>in</span> <span class='ocrx_word' id='word_1_142' title='bbox 304 2823 372 2908; x_wconf 83' lang='lat' dir='ltr'>ipsa</span> <span class='ocrx_word' id='word_1_143' title='bbox 394 2823 432 2888; x_wconf 93' lang='lat' dir='ltr'>de</span> <span class='ocrx_word' id='word_1_144' title='bbox 455 2839 516 2907; x_wconf 90' lang='lat' dir='ltr'>qua</span> <span class='ocrx_word' id='word_1_145' title='bbox 547 2822 705 2906; x_wconf 90' lang='lat' dir='ltr'>loquimur</span> <span class='ocrx_word' id='word_1_146' title='bbox 727 2822 866 2903; x_wconf 88' lang='lat' dir='ltr'>ecclesia,</span> <span class='ocrx_word' id='word_1_147' title='bbox 905 2822 971 2888; x_wconf 87' lang='lat' dir='ltr'>sive</span> <span class='ocrx_word' id='word_1_148' title='bbox 992 2826 1029 2888; x_wconf 92' lang='lat' dir='ltr'>ut</span> <span class='ocrx_word' id='word_1_149' title='bbox 1050 2821 1112 2888; x_wconf 89' lang='lat' dir='ltr'>illis</span> <span class='ocrx_word' id='word_1_150' title='bbox 1135 2825 1237 2907; x_wconf 85' lang='lat' dir='ltr'>placet</span> <span class='ocrx_word' id='word_1_151' title='bbox 1258 2823 1329 2904; x_wconf 90' lang='lat' dir='ltr'>dici,</span> <span class='ocrx_word' id='word_1_152' title='bbox 1367 2824 1453 2890; x_wconf 90' lang='lat' dir='ltr'>curia</span> 
     </span>
     <span class='ocr_line' id='line_1_20' title="bbox 251 2933 1453 3019; baseline -0.001 -17"><span class='ocrx_word' id='word_1_153' title='bbox 251 2935 392 3002; x_wconf 84' lang='lat' dir='ltr'>Romana</span> <span class='ocrx_word' id='word_1_154' title='bbox 412 2935 601 3019; x_wconf 88' lang='lat' dir='ltr'>praenotatis</span> <span class='ocrx_word' id='word_1_155' title='bbox 624 2935 777 3000; x_wconf 88' lang='lat' dir='ltr'>scandalis</span> <span class='ocrx_word' id='word_1_156' title='bbox 800 2935 947 3000; x_wconf 89' lang='lat' dir='ltr'>sustineri</span> <span class='ocrx_word' id='word_1_157' title='bbox 970 2937 1095 3019; x_wconf 88' lang='lat' dir='ltr'>oportet</span> <span class='ocrx_word' id='word_1_158' title='bbox 1115 2934 1240 3000; x_wconf 89' lang='lat' dir='ltr'>interim</span> <span class='ocrx_word' id='word_1_159' title='bbox 1259 2933 1349 3018; x_wconf 83' lang='lat' dir='ltr'>juxta</span> <span class='ocrx_word' id='word_1_160' title='bbox 1363 2952 1453 3018; x_wconf 87' lang='lat' dir='ltr'>prae-</span> 
     </span>
     <span class='ocr_line' id='line_1_21' title="bbox 252 3043 1453 3130; baseline -0.002 -16"><span class='ocrx_word' id='word_1_161' title='bbox 252 3049 377 3130; x_wconf 88' lang='lat' dir='ltr'>ceptum</span> <span class='ocrx_word' id='word_1_162' title='bbox 398 3043 525 3112; x_wconf 87' lang='lat' dir='ltr'>Domini</span> <span class='ocrx_word' id='word_1_163' title='bbox 546 3045 579 3112; x_wconf 92' lang='lat' dir='ltr'>in</span> <span class='ocrx_word' id='word_1_164' title='bbox 601 3044 747 3112; x_wconf 87' lang='lat' dir='ltr'>cathedra</span> <span class='ocrx_word' id='word_1_165' title='bbox 776 3046 879 3130; x_wconf 87' lang='lat' dir='ltr'>Moysi</span> <span class='ocrx_word' id='word_1_166' title='bbox 901 3048 950 3111; x_wconf 87' lang='lat' dir='ltr'>vel</span> <span class='ocrx_word' id='word_1_167' title='bbox 972 3044 1058 3111; x_wconf 87' lang='lat' dir='ltr'>Petri</span> <span class='ocrx_word' id='word_1_168' title='bbox 1092 3043 1265 3112; x_wconf 89' lang='lat' dir='ltr'>scribarum</span> <span class='ocrx_word' id='word_1_169' title='bbox 1287 3049 1319 3112; x_wconf 87' lang='lat' dir='ltr'>et</span> <span class='ocrx_word' id='word_1_170' title='bbox 1341 3045 1453 3112; x_wconf 89' lang='lat' dir='ltr'>Phari·</span> 
     </span>
     <span class='ocr_line' id='line_1_22' title="bbox 251 3155 1452 3243; baseline -0.002 -18"><span class='ocrx_word' id='word_1_171' title='bbox 251 3175 394 3225; x_wconf 89' lang='lat' dir='ltr'>saeorum</span> <span class='ocrx_word' id='word_1_172' title='bbox 416 3156 533 3223; x_wconf 90' lang='lat' dir='ltr'>similes</span> <span class='ocrx_word' id='word_1_173' title='bbox 557 3157 610 3241; x_wconf 90' lang='lat' dir='ltr'>qui</span> <span class='ocrx_word' id='word_1_174' title='bbox 632 3157 739 3224; x_wconf 88' lang='lat' dir='ltr'>dicunt</span> <span class='ocrx_word' id='word_1_175' title='bbox 761 3160 793 3224; x_wconf 89' lang='lat' dir='ltr'>et</span> <span class='ocrx_word' id='word_1_176' title='bbox 815 3176 876 3224; x_wconf 93' lang='lat' dir='ltr'>non</span> <span class='ocrx_word' id='word_1_177' title='bbox 898 3155 1026 3238; x_wconf 81' lang='lat' dir='ltr'>faciunt,</span> <span class='ocrx_word' id='word_1_178' title='bbox 1050 3157 1223 3224; x_wconf 88' lang='lat' dir='ltr'>sustinendi</span> <span class='ocrx_word' id='word_1_179' title='bbox 1239 3176 1362 3243; x_wconf 90' lang='lat' dir='ltr'>qnoque</span> <span class='ocrx_word' id='word_1_180' title='bbox 1378 3160 1452 3225; x_wconf 87' lang='lat' dir='ltr'>sunt</span> 
     </span>
     <span class='ocr_line' id='line_1_23' title="bbox 250 3269 1453 3357; baseline -0.002 -19"><span class='ocrx_word' id='word_1_181' title='bbox 250 3270 283 3338; x_wconf 93' lang='lat' dir='ltr'>in</span> <span class='ocrx_word' id='word_1_182' title='bbox 305 3269 521 3357; x_wconf 88' lang='lat' dir='ltr'>apostolorum</span> <span class='ocrx_word' id='word_1_183' title='bbox 553 3270 694 3355; x_wconf 87' lang='lat' dir='ltr'>catalogo</span> <span class='ocrx_word' id='word_1_184' title='bbox 716 3269 817 3338; x_wconf 89' lang='lat' dir='ltr'>Judae</span> <span class='ocrx_word' id='word_1_185' title='bbox 850 3270 1015 3337; x_wconf 82' lang='lat' dir='ltr'>mercatori</span> <span class='ocrx_word' id='word_1_186' title='bbox 1055 3270 1192 3356; x_wconf 85' lang='lat' dir='ltr'>pessimo</span> <span class='ocrx_word' id='word_1_187' title='bbox 1216 3269 1333 3336; x_wconf 89' lang='lat' dir='ltr'>similes</span> <span class='ocrx_word' id='word_1_188' title='bbox 1356 3269 1453 3337; x_wconf 84' lang='lat' dir='ltr'>donee</span> 
     </span>
     <span class='ocr_line' id='line_1_24' title="bbox 253 3380 1452 3469; baseline -0.003 -19"><span class='ocrx_word' id='word_1_189' title='bbox 253 3384 331 3450; x_wconf 90' lang='lat' dir='ltr'>coeli</span> <span class='ocrx_word' id='word_1_190' title='bbox 361 3383 527 3450; x_wconf 87' lang='lat' dir='ltr'>rationales</span> <span class='ocrx_word' id='word_1_191' title='bbox 543 3380 567 3469; x_wconf 81' lang='lat'>³)</span> <span class='ocrx_word' id='word_1_192' title='bbox 600 3385 739 3450; x_wconf 80' lang='lat' dir='ltr'>revelent</span> <span class='ocrx_word' id='word_1_193' title='bbox 771 3382 971 3466; x_wconf 89' lang='lat' dir='ltr'>iniquitatem</span> <span class='ocrx_word' id='word_1_194' title='bbox 1005 3400 1114 3448; x_wconf 90' lang='lat' dir='ltr'>eorum</span> <span class='ocrx_word' id='word_1_195' title='bbox 1135 3384 1167 3448; x_wconf 92' lang='lat' dir='ltr'>et</span> <span class='ocrx_word' id='word_1_196' title='bbox 1188 3385 1271 3448; x_wconf 89' lang='lat' dir='ltr'>terra</span> <span class='ocrx_word' id='word_1_197' title='bbox 1303 3383 1452 3448; x_wconf 84' lang='lat' dir='ltr'>adversus</span> 
     </span>
     <span class='ocr_line' id='line_1_25' title="bbox 253 3491 1453 3579; baseline -0.003 -19"><span class='ocrx_word' id='word_1_198' title='bbox 253 3513 305 3560; x_wconf 88' lang='lat' dir='ltr'>eos</span> <span class='ocrx_word' id='word_1_199' title='bbox 328 3497 497 3579; x_wconf 88' lang='lat' dir='ltr'>consurgat</span> <span class='ocrx_word' id='word_1_200' title='bbox 518 3497 550 3562; x_wconf 92' lang='lat' dir='ltr'>et</span> <span class='ocrx_word' id='word_1_201' title='bbox 571 3493 773 3562; x_wconf 83' lang='lat' dir='ltr'>manifestum</span> <span class='ocrx_word' id='word_1_202' title='bbox 794 3493 851 3560; x_wconf 86' lang='lat' dir='ltr'>fiat</span> <span class='ocrx_word' id='word_1_203' title='bbox 871 3495 1034 3578; x_wconf 87' lang='lat' dir='ltr'>peccatum</span> <span class='ocrx_word' id='word_1_204' title='bbox 1057 3511 1174 3573; x_wconf 86' lang='lat' dir='ltr'>eorum,</span> <span class='ocrx_word' id='word_1_205' title='bbox 1197 3494 1252 3559; x_wconf 90' lang='lat' dir='ltr'>sed</span> <span class='ocrx_word' id='word_1_206' title='bbox 1273 3491 1307 3558; x_wconf 93' lang='lat' dir='ltr'>hi</span> <span class='ocrx_word' id='word_1_207' title='bbox 1328 3491 1382 3577; x_wconf 90' lang='lat' dir='ltr'>qui</span> <span class='ocrx_word' id='word_1_208' title='bbox 1405 3510 1453 3557; x_wconf 87' lang='lat' dir='ltr'>so·</span> 
     </span>
     <span class='ocr_line' id='line_1_26' title="bbox 254 3601 1452 3688; baseline -0.003 -16"><span class='ocrx_word' id='word_1_209' title='bbox 254 3606 388 3672; x_wconf 91' lang='lat' dir='ltr'>cundum</span> <span class='ocrx_word' id='word_1_210' title='bbox 421 3606 524 3672; x_wconf 91' lang='lat' dir='ltr'>Deum</span> <span class='ocrx_word' id='word_1_211' title='bbox 556 3606 646 3673; x_wconf 85' lang='lat' dir='ltr'>inuiti</span> <span class='ocrx_word' id='word_1_212' title='bbox 668 3609 700 3672; x_wconf 89' lang='lat' dir='ltr'>et</span> <span class='ocrx_word' id='word_1_213' title='bbox 720 3623 784 3672; x_wconf 89' lang='lat' dir='ltr'>non</span> <span class='ocrx_word' id='word_1_214' title='bbox 816 3603 949 3670; x_wconf 87' lang='lat' dir='ltr'>libenter</span> <span class='ocrx_word' id='word_1_215' title='bbox 982 3601 1135 3688; x_wconf 78' lang='lat' dir='ltr'>ejusmodi</span> <span class='ocrx_word' id='word_1_216' title='bbox 1171 3601 1380 3684; x_wconf 88' lang='lat' dir='ltr'>sustinebunt,</span> <span class='ocrx_word' id='word_1_217' title='bbox 1414 3620 1452 3669; x_wconf 89' lang='lat' dir='ltr'>ne</span> 
     </span>
     <span class='ocr_line' id='line_1_27' title="bbox 252 3713 1454 3804; baseline -0.003 -21"><span class='ocrx_word' id='word_1_218' title='bbox 252 3718 336 3783; x_wconf 85' lang='lat' dir='ltr'>forte</span> <span class='ocrx_word' id='word_1_219' title='bbox 356 3715 449 3783; x_wconf 91' lang='lat' dir='ltr'>bruta</span> <span class='ocrx_word' id='word_1_220' title='bbox 470 3737 578 3783; x_wconf 92' lang='lat' dir='ltr'>eorum</span> <span class='ocrx_word' id='word_1_221' title='bbox 606 3717 757 3804; x_wconf 87' lang='lat' dir='ltr'>patientia</span> <span class='ocrx_word' id='word_1_222' title='bbox 778 3717 982 3802; x_wconf 88' lang='lat' dir='ltr'>redarguatur</span> <span class='ocrx_word' id='word_1_223' title='bbox 1015 3716 1055 3782; x_wconf 89' lang='lat' dir='ltr'>ab</span> <span class='ocrx_word' id='word_1_224' title='bbox 1076 3716 1219 3801; x_wconf 86' lang='lat' dir='ltr'>apostolo</span> <span class='ocrx_word' id='word_1_225' title='bbox 1242 3715 1378 3792; x_wconf 70' lang='lat' dir='ltr'>dicento,</span> <span class='ocrx_word' id='word_1_226' title='bbox 1400 3713 1454 3779; x_wconf 93' lang='lat' dir='ltr'>li·</span> 
     </span>
     <span class='ocr_line' id='line_1_28' title="bbox 254 3824 1451 3914; baseline -0.003 -22"><span class='ocrx_word' id='word_1_227' title='bbox 254 3827 392 3895; x_wconf 89' lang='lat' dir='ltr'>beuter</span> <span class='ocrx_word' id='word_1_228' title='bbox 418 3826 604 3895; x_wconf 84' lang='lat' dir='ltr'>suffertis</span> <span class='ocrx_word' id='word_1_229' title='bbox 634 3828 895 3914; x_wconf 81' lang='lat' dir='ltr'>insipientes,</span> <span class='ocrx_word' id='word_1_230' title='bbox 929 3829 1025 3909; x_wconf 88' lang='lat' dir='ltr'>item,</span> <span class='ocrx_word' id='word_1_231' title='bbox 1060 3827 1328 3894; x_wconf 85' lang='lat' dir='ltr'>sustineretis</span> <span class='ocrx_word' id='word_1_232' title='bbox 1351 3824 1451 3898; x_wconf 86' lang='lat' dir='ltr'>eninr</span> 
     </span>
     <span class='ocr_line' id='line_1_29' title="bbox 254 3936 1451 4026; baseline -0.006 -18"><span class='ocrx_word' id='word_1_233' title='bbox 254 3940 399 4026; x_wconf 86' lang='lat' dir='ltr'>siquis</span> <span class='ocrx_word' id='word_1_234' title='bbox 422 3959 492 4007; x_wconf 86' lang='lat' dir='ltr'>vos</span> <span class='ocrx_word' id='word_1_235' title='bbox 525 3941 565 4006; x_wconf 90' lang='lat' dir='ltr'>in</span> <span class='ocrx_word' id='word_1_236' title='bbox 587 3941 827 4008; x_wconf 80' lang='lat' dir='ltr'>servitutem</span> <span class='ocrx_word' id='word_1_237' title='bbox 848 3939 1005 4025; x_wconf 90' lang='lat' dir='ltr'>redigit,</span> <span class='ocrx_word' id='word_1_238' title='bbox 1040 3941 1071 4007; x_wconf 87' lang='lat' dir='ltr'>si</span> <span class='ocrx_word' id='word_1_239' title='bbox 1094 3939 1179 4024; x_wconf 90' lang='lat' dir='ltr'>quis</span> <span class='ocrx_word' id='word_1_240' title='bbox 1201 3939 1384 4020; x_wconf 85' lang='lat' dir='ltr'>devorat,</span> <span class='ocrx_word' id='word_1_241' title='bbox 1418 3936 1451 4002; x_wconf 87' lang='lat' dir='ltr'>si</span> 
     </span>
     <span class='ocr_line' id='line_1_30' title="bbox 254 4049 1450 4138; baseline -0.004 -19"><span class='ocrx_word' id='word_1_242' title='bbox 254 4052 347 4137; x_wconf 88' lang='lat' dir='ltr'>quis</span> <span class='ocrx_word' id='word_1_243' title='bbox 370 4051 537 4138; x_wconf 84' lang='lat' dir='ltr'>accipit,</span> <span class='ocrx_word' id='word_1_244' title='bbox 561 4052 712 4137; x_wconf 89' lang='lat' dir='ltr'>siquis</span> <span class='ocrx_word' id='word_1_245' title='bbox 735 4053 955 4133; x_wconf 83' lang='lat' dir='ltr'>extollitur,</span> <span class='ocrx_word' id='word_1_246' title='bbox 991 4052 1024 4118; x_wconf 89' lang='lat' dir='ltr'>si</span> <span class='ocrx_word' id='word_1_247' title='bbox 1046 4051 1134 4136; x_wconf 90' lang='lat' dir='ltr'>quis</span> <span class='ocrx_word' id='word_1_248' title='bbox 1155 4049 1193 4116; x_wconf 92' lang='lat' dir='ltr'>in</span> <span class='ocrx_word' id='word_1_249' title='bbox 1214 4049 1360 4117; x_wconf 86' lang='lat' dir='ltr'>taciem</span> <span class='ocrx_word' id='word_1_250' title='bbox 1382 4065 1450 4115; x_wconf 86' lang='lat' dir='ltr'>vos</span> 
     </span>
    </p>
   </div>
   <div class='ocr_carea' id='block_1_11' title="bbox 355 4284 1316 4555">
    <p class='ocr_par' dir='ltr' id='par_1_11' title="bbox 355 4284 1316 4555">
     <span class='ocr_line' id='line_1_31' title="bbox 358 4284 622 4356; baseline 0.015 -17"><span class='ocrx_word' id='word_1_251' title='bbox 358 4284 376 4356; x_wconf 73' lang='grc' dir='ltr'>ι)</span> <span class='ocrx_word' id='word_1_252' title='bbox 395 4285 483 4339; x_wconf 83' lang='lat' dir='ltr'>confer</span> <span class='ocrx_word' id='word_1_253' title='bbox 501 4303 557 4356; x_wconf 73' lang='lat' dir='ltr'>cap.</span> <span class='ocrx_word' id='word_1_254' title='bbox 578 4287 622 4344; x_wconf 79' lang='lat'>53.</span> 
     </span>
     <span class='ocr_line' id='line_1_32' title="bbox 355 4383 650 4456; baseline 0 -16"><span class='ocrx_word' id='word_1_255' title='bbox 355 4383 376 4456; x_wconf 80' lang='lat'>²)</span> <span class='ocrx_word' id='word_1_256' title='bbox 395 4387 451 4440; x_wconf 88' lang='lat' dir='ltr'>cod.</span> <span class='ocrx_word' id='word_1_257' title='bbox 465 4391 650 4456; x_wconf 78' lang='lat' dir='ltr'>permanentes.</span> 
     </span>
     <span class='ocr_line' id='line_1_33' title="bbox 355 4477 1316 4555; baseline -0.004 -15"><span class='ocrx_word' id='word_1_258' title='bbox 355 4485 377 4555; x_wconf 82' lang='lat'>⁸)</span> <span class='ocrx_word' id='word_1_259' title='bbox 395 4484 485 4540; x_wconf 81' lang='lat' dir='ltr'>Gloasn</span> <span class='ocrx_word' id='word_1_260' title='bbox 503 4501 591 4554; x_wconf 75' lang='lat' dir='ltr'>marg:</span> <span class='ocrx_word' id='word_1_261' title='bbox 610 4482 709 4541; x_wconf 84' lang='lat' dir='ltr'>Gocli</span> <span class='ocrx_word' id='word_1_262' title='bbox 725 4488 936 4554; x_wconf 78' lang='lat' dir='ltr'>aperueruut</span> <span class='ocrx_word' id='word_1_263' title='bbox 954 4498 1010 4537; x_wconf 73' lang='lat' dir='ltr'>ora</span> <span class='ocrx_word' id='word_1_264' title='bbox 1028 4481 1217 4538; x_wconf 74' lang='lat' dir='ltr'>clamantis</span> <span class='ocrx_word' id='word_1_265' title='bbox 1235 4477 1316 4537; x_wconf 81' lang='lat'>153³.</span> 
     </span>
    </p>
   </div>
   <div class='ocr_carea' id='block_1_12' title="bbox 0 0 1593 5202">
    <p class='ocr_par' dir='ltr' id='par_1_12' title="bbox 0 0 1593 5202">
     <span class='ocr_line' id='line_1_34' title="bbox 0 0 1593 5202; baseline 0 0"><span class='ocrx_word' id='word_1_266' title='bbox 0 0 1593 5202; x_wconf 95' lang='lat' dir='ltr'> </span> 
     </span>
    </p>
   </div>
  </div>
 </body>
</html>
