<?xml version="1.0" encoding="UTF-8"?>
<!DOCTYPE html PUBLIC "-//W3C//DTD XHTML 1.0 Transitional//EN"
    "http://www.w3.org/TR/xhtml1/DTD/xhtml1-transitional.dtd">
<html xmlns="http://www.w3.org/1999/xhtml" xml:lang="en" lang="en">
 <head>
  <title>
</title>
<meta http-equiv="Content-Type" content="text/html;charset=utf-8" />
  <meta name='ocr-system' content='tesseract 3.04.00' />
  <meta name='ocr-capabilities' content='ocr_page ocr_carea ocr_par ocr_line ocrx_word'/>
</head>
<body>
  <div class='ocr_page' id='page_1' title='image "./operahactenusin00schegoog_0385.png"; bbox 0 0 3168 5214; ppageno 0'>
   <div class='ocr_carea' id='block_1_1' title="bbox 250 381 313 446">
    <p class='ocr_par' dir='ltr' id='par_1_1' title="bbox 250 381 313 446">
     <span class='ocr_line' id='line_1_1' title="bbox 250 381 313 446; baseline 0.016 -1"><span class='ocrx_word' id='word_1_1' title='bbox 250 381 313 446; x_wconf 77' lang='lat'>370</span> 
     </span>
    </p>
   </div>
   <div class='ocr_carea' id='block_1_2' title="bbox 247 550 1465 1084">
    <p class='ocr_par' dir='ltr' id='par_1_2' title="bbox 247 550 1465 1084">
     <span class='ocr_line' id='line_1_2' title="bbox 247 550 1464 637; baseline 0.004 -21"><span class='ocrx_word' id='word_1_2' title='bbox 247 553 338 618; x_wconf 91' lang='lat' dir='ltr'>terim</span> <span class='ocrx_word' id='word_1_3' title='bbox 369 550 558 636; x_wconf 87' lang='lat' dir='ltr'>perturbare,</span> <span class='ocrx_word' id='word_1_4' title='bbox 596 553 692 618; x_wconf 94' lang='lat' dir='ltr'>donoc</span> <span class='ocrx_word' id='word_1_5' title='bbox 726 571 857 636; x_wconf 85' lang='lat' dir='ltr'>regnum</span> <span class='ocrx_word' id='word_1_6' title='bbox 889 553 955 637; x_wconf 87' lang='lat' dir='ltr'>ejus</span> <span class='ocrx_word' id='word_1_7' title='bbox 992 555 1025 618; x_wconf 90' lang='lat' dir='ltr'>iu</span> <span class='ocrx_word' id='word_1_8' title='bbox 1057 558 1143 620; x_wconf 87' lang='lat' dir='ltr'>aeter</span> <span class='ocrx_word' id='word_1_9' title='bbox 1161 574 1237 620; x_wconf 92' lang='lat' dir='ltr'>num</span> <span class='ocrx_word' id='word_1_10' title='bbox 1275 574 1464 621; x_wconf 88' lang='lat' dir='ltr'>mansurum</span> 
     </span>
     <span class='ocr_line' id='line_1_3' title="bbox 249 664 1465 752; baseline 0.005 -24"><span class='ocrx_word' id='word_1_11' title='bbox 249 664 401 748; x_wconf 88' lang='lat' dir='ltr'>paulatim</span> <span class='ocrx_word' id='word_1_12' title='bbox 424 664 504 729; x_wconf 88' lang='lat' dir='ltr'>sicut</span> <span class='ocrx_word' id='word_1_13' title='bbox 526 682 638 728; x_wconf 89' lang='lat' dir='ltr'>aurora</span> <span class='ocrx_word' id='word_1_14' title='bbox 660 670 870 748; x_wconf 74' lang='lat' dir='ltr'>consurgeret,</span> <span class='ocrx_word' id='word_1_15' title='bbox 892 666 976 750; x_wconf 90' lang='lat' dir='ltr'>quod</span> <span class='ocrx_word' id='word_1_16' title='bbox 996 684 1134 751; x_wconf 86' lang='lat' dir='ltr'>regnum</span> <span class='ocrx_word' id='word_1_17' title='bbox 1160 666 1358 745; x_wconf 88' lang='lat' dir='ltr'>diabolicum,</span> <span class='ocrx_word' id='word_1_18' title='bbox 1389 687 1465 752; x_wconf 91' lang='lat' dir='ltr'>pec·</span> 
     </span>
     <span class='ocr_line' id='line_1_4' title="bbox 252 774 1452 860; baseline 0.003 -20"><span class='ocrx_word' id='word_1_19' title='bbox 252 775 313 842; x_wconf 88' lang='lat' dir='ltr'>cati</span> <span class='ocrx_word' id='word_1_20' title='bbox 335 774 477 840; x_wconf 88' lang='lat' dir='ltr'>videlicet</span> <span class='ocrx_word' id='word_1_21' title='bbox 499 791 535 838; x_wconf 91' lang='lat' dir='ltr'>ac</span> <span class='ocrx_word' id='word_1_22' title='bbox 556 774 676 853; x_wconf 86' lang='lat' dir='ltr'>mortis,</span> <span class='ocrx_word' id='word_1_23' title='bbox 691 775 814 840; x_wconf 89' lang='lat' dir='ltr'>tandem</span> <span class='ocrx_word' id='word_1_24' title='bbox 836 779 961 860; x_wconf 91' lang='lat' dir='ltr'>penitus</span> <span class='ocrx_word' id='word_1_25' title='bbox 985 777 1132 854; x_wconf 88' lang='lat' dir='ltr'>destruet,</span> <span class='ocrx_word' id='word_1_26' title='bbox 1157 776 1240 840; x_wconf 88' lang='lat' dir='ltr'>sicut</span> <span class='ocrx_word' id='word_1_27' title='bbox 1260 778 1315 843; x_wconf 88' lang='lat' dir='ltr'>illa</span> <span class='ocrx_word' id='word_1_28' title='bbox 1330 779 1452 844; x_wconf 81' lang='lat' dir='ltr'><strong>visione</strong></span> 
     </span>
     <span class='ocr_line' id='line_1_5' title="bbox 248 884 1460 973; baseline 0.004 -24"><span class='ocrx_word' id='word_1_29' title='bbox 248 884 536 950; x_wconf 79' lang='lat' dir='ltr'>Nabuchodonosor</span> <span class='ocrx_word' id='word_1_30' title='bbox 558 885 639 968; x_wconf 85' lang='lat' dir='ltr'>regis</span> <span class='ocrx_word' id='word_1_31' title='bbox 661 885 790 950; x_wconf 90' lang='lat' dir='ltr'>Daniele</span> <span class='ocrx_word' id='word_1_32' title='bbox 815 887 1042 972; x_wconf 78' lang='lat' dir='ltr'>interpretante</span> <span class='ocrx_word' id='word_1_33' title='bbox 1080 892 1367 973; x_wconf 88' lang='lat' dir='ltr'>praemonstratum</span> <span class='ocrx_word' id='word_1_34' title='bbox 1400 893 1460 964; x_wconf 88' lang='lat' dir='ltr'>est,</span> 
     </span>
     <span class='ocr_line' id='line_1_6' title="bbox 250 994 1462 1084; baseline 0.002 -23"><span class='ocrx_word' id='word_1_35' title='bbox 250 995 304 1061; x_wconf 90' lang='lat' dir='ltr'>ubi</span> <span class='ocrx_word' id='word_1_36' title='bbox 324 995 404 1079; x_wconf 87' lang='lat' dir='ltr'>lapis</span> <span class='ocrx_word' id='word_1_37' title='bbox 426 994 583 1061; x_wconf 88' lang='lat' dir='ltr'>abscissus</span> <span class='ocrx_word' id='word_1_38' title='bbox 606 997 643 1061; x_wconf 90' lang='lat' dir='ltr'>dc</span> <span class='ocrx_word' id='word_1_39' title='bbox 665 999 771 1062; x_wconf 90' lang='lat' dir='ltr'>monte</span> <span class='ocrx_word' id='word_1_40' title='bbox 793 998 858 1062; x_wconf 89' lang='lat' dir='ltr'>sine</span> <span class='ocrx_word' id='word_1_41' title='bbox 880 999 1028 1064; x_wconf 89' lang='lat' dir='ltr'>manibus</span> <span class='ocrx_word' id='word_1_42' title='bbox 1062 1001 1203 1062; x_wconf 88' lang='lat' dir='ltr'>statuam</span> <span class='ocrx_word' id='word_1_43' title='bbox 1238 999 1326 1066; x_wconf 89' lang='lat' dir='ltr'>illam</span> <span class='ocrx_word' id='word_1_44' title='bbox 1363 1005 1462 1084; x_wconf 89' lang='lat' dir='ltr'>caput</span> 
     </span>
    </p>
   </div>
   <div class='ocr_carea' id='block_1_3' title="bbox 252 1107 1466 1526">
    <p class='ocr_par' dir='ltr' id='par_1_3' title="bbox 252 1107 1466 1526">
     <span class='ocr_line' id='line_1_7' title="bbox 256 1107 1462 1192; baseline 0.002 -21"><span class='ocrx_word' id='word_1_45' title='bbox 256 1124 394 1186; x_wconf 90' lang='lat' dir='ltr'>aureum,</span> <span class='ocrx_word' id='word_1_46' title='bbox 417 1110 528 1191; x_wconf 90' lang='lat' dir='ltr'>pectus</span> <span class='ocrx_word' id='word_1_47' title='bbox 552 1125 623 1172; x_wconf 91' lang='lat' dir='ltr'>curn</span> <span class='ocrx_word' id='word_1_48' title='bbox 655 1107 799 1172; x_wconf 85' lang='lat' dir='ltr'>brachiis¹</span> <span class='ocrx_word' id='word_1_49' title='bbox 822 1111 986 1192; x_wconf 85' lang='lat' dir='ltr'>argenteis,</span> <span class='ocrx_word' id='word_1_50' title='bbox 1021 1111 1164 1174; x_wconf 89' lang='lat' dir='ltr'>ventrem</span> <span class='ocrx_word' id='word_1_51' title='bbox 1199 1126 1235 1174; x_wconf 90' lang='lat' dir='ltr'>ac</span> <span class='ocrx_word' id='word_1_52' title='bbox 1272 1111 1389 1176; x_wconf 88' lang='lat' dir='ltr'>femore</span> <span class='ocrx_word' id='word_1_53' title='bbox 1422 1130 1462 1175; x_wconf 87' lang='lat' dir='ltr'>ex</span> 
     </span>
     <span class='ocr_line' id='line_1_8' title="bbox 253 1216 1459 1303; baseline 0.005 -22"><span class='ocrx_word' id='word_1_54' title='bbox 253 1234 332 1297; x_wconf 89' lang='lat' dir='ltr'>acre,</span> <span class='ocrx_word' id='word_1_55' title='bbox 366 1216 460 1283; x_wconf 88' lang='lat' dir='ltr'>tibias</span> <span class='ocrx_word' id='word_1_56' title='bbox 496 1216 611 1283; x_wconf 87' lang='lat' dir='ltr'>ferreas</span> <span class='ocrx_word' id='word_1_57' title='bbox 644 1220 799 1302; x_wconf 85' lang='lat' dir='ltr'>pedesque</span> <span class='ocrx_word' id='word_1_58' title='bbox 834 1221 949 1303; x_wconf 88' lang='lat' dir='ltr'>partim</span> <span class='ocrx_word' id='word_1_59' title='bbox 983 1220 1100 1286; x_wconf 84' lang='lat' dir='ltr'>ferreos</span> <span class='ocrx_word' id='word_1_60' title='bbox 1143 1219 1258 1303; x_wconf 87' lang='lat' dir='ltr'>partim</span> <span class='ocrx_word' id='word_1_61' title='bbox 1302 1226 1459 1287; x_wconf 86' lang='lat' dir='ltr'>testaceus</span> 
     </span>
     <span class='ocr_line' id='line_1_9' title="bbox 254 1327 1466 1415; baseline 0.002 -23"><span class='ocrx_word' id='word_1_62' title='bbox 254 1327 419 1393; x_wconf 89' lang='lat' dir='ltr'>habentem</span> <span class='ocrx_word' id='word_1_63' title='bbox 443 1329 589 1394; x_wconf 85' lang='lat' dir='ltr'>contrivit</span> <span class='ocrx_word' id='word_1_64' title='bbox 610 1332 704 1413; x_wconf 89' lang='lat' dir='ltr'>atque</span> <span class='ocrx_word' id='word_1_65' title='bbox 726 1330 758 1393; x_wconf 91' lang='lat' dir='ltr'>in</span> <span class='ocrx_word' id='word_1_66' title='bbox 780 1331 939 1414; x_wconf 89' lang='lat' dir='ltr'>pulverem</span> <span class='ocrx_word' id='word_1_67' title='bbox 972 1332 1101 1415; x_wconf 83' lang='lat' dir='ltr'>redegit.</span> <span class='ocrx_word' id='word_1_68' title='bbox 1147 1331 1208 1413; x_wconf 82' lang='lat' dir='ltr'>Qui</span> <span class='ocrx_word' id='word_1_69' title='bbox 1257 1331 1351 1397; x_wconf 88' lang='lat' dir='ltr'>etiam</span> <span class='ocrx_word' id='word_1_70' title='bbox 1382 1332 1466 1415; x_wconf 88' lang='lat' dir='ltr'>lapis</span> 
     </span>
     <span class='ocr_line' id='line_1_10' title="bbox 252 1440 1466 1526; baseline 0.005 -22"><span class='ocrx_word' id='word_1_71' title='bbox 252 1458 397 1505; x_wconf 81' lang='lat' dir='ltr'>crescens</span> <span class='ocrx_word' id='word_1_72' title='bbox 419 1457 508 1507; x_wconf 90' lang='lat' dir='ltr'>mons</span> <span class='ocrx_word' id='word_1_73' title='bbox 531 1457 664 1524; x_wconf 86' lang='lat' dir='ltr'>magnus</span> <span class='ocrx_word' id='word_1_74' title='bbox 687 1440 789 1505; x_wconf 84' lang='lat' dir='ltr'>factus</span> <span class='ocrx_word' id='word_1_75' title='bbox 813 1445 914 1506; x_wconf 86' lang='lat' dir='ltr'>estet</span> <span class='ocrx_word' id='word_1_76' title='bbox 945 1442 1086 1526; x_wconf 90' lang='lat' dir='ltr'>implevit</span> <span class='ocrx_word' id='word_1_77' title='bbox 1125 1442 1312 1508; x_wconf 89' lang='lat' dir='ltr'>universum</span> <span class='ocrx_word' id='word_1_78' title='bbox 1346 1442 1466 1510; x_wconf 89' lang='lat' dir='ltr'>orbern.</span> 
     </span>
    </p>
   </div>
   <div class='ocr_carea' id='block_1_4' title="bbox 742 1729 992 1796">
    <p class='ocr_par' dir='ltr' id='par_1_4' title="bbox 742 1729 992 1796">
     <span class='ocr_line' id='line_1_11' title="bbox 742 1729 992 1796; baseline -0.008 -12"><span class='ocrx_word' id='word_1_79' title='bbox 742 1729 852 1796; x_wconf 80' lang='lat' dir='ltr'>Cap.</span> <span class='ocrx_word' id='word_1_80' title='bbox 872 1729 992 1783; x_wconf 86' lang='lat' dir='ltr'>vm.</span> 
     </span>
    </p>
   </div>
   <div class='ocr_carea' id='block_1_5' title="bbox 253 1899 1464 2098">
    <p class='ocr_par' dir='ltr' id='par_1_5' title="bbox 253 1899 1464 2098">
     <span class='ocr_line' id='line_1_12' title="bbox 253 1899 1464 1989; baseline 0 -19"><span class='ocrx_word' id='word_1_81' title='bbox 253 1900 343 1978; x_wconf 84' lang='lat' dir='ltr'>tluod</span> <span class='ocrx_word' id='word_1_82' title='bbox 365 1919 447 1989; x_wconf 86' lang='lat' dir='ltr'>puer</span> <span class='ocrx_word' id='word_1_83' title='bbox 470 1900 528 1968; x_wconf 90' lang='lat' dir='ltr'>ille</span> <span class='ocrx_word' id='word_1_84' title='bbox 550 1900 707 1968; x_wconf 86' lang='lat' dir='ltr'>Dominus</span> <span class='ocrx_word' id='word_1_85' title='bbox 729 1899 827 1966; x_wconf 78' lang='lat' dir='ltr'>lesus</span> <span class='ocrx_word' id='word_1_86' title='bbox 865 1900 963 1966; x_wconf 90' lang='lat' dir='ltr'>ctiam</span> <span class='ocrx_word' id='word_1_87' title='bbox 995 1899 1168 1987; x_wconf 87' lang='lat' dir='ltr'>antequam</span> <span class='ocrx_word' id='word_1_88' title='bbox 1203 1903 1396 1969; x_wconf 86' lang='lat' dir='ltr'>nasceretur·</span> <span class='ocrx_word' id='word_1_89' title='bbox 1427 1903 1464 1970; x_wconf 92' lang='lat' dir='ltr'>in</span> 
     </span>
     <span class='ocr_line' id='line_1_13' title="bbox 470 2011 1249 2098; baseline 0 -18"><span class='ocrx_word' id='word_1_90' title='bbox 470 2030 569 2080; x_wconf 87' lang='lat' dir='ltr'>carne</span> <span class='ocrx_word' id='word_1_91' title='bbox 592 2011 779 2080; x_wconf 87' lang='lat' dir='ltr'>dominatus</span> <span class='ocrx_word' id='word_1_92' title='bbox 802 2011 846 2079; x_wconf 89' lang='lat' dir='ltr'>sit</span> <span class='ocrx_word' id='word_1_93' title='bbox 867 2012 900 2078; x_wconf 89' lang='lat' dir='ltr'>et</span> <span class='ocrx_word' id='word_1_94' title='bbox 920 2030 1026 2098; x_wconf 82' lang='lat' dir='ltr'>regna</span> <span class='ocrx_word' id='word_1_95' title='bbox 1048 2012 1249 2081; x_wconf 82' lang='lat' dir='ltr'>contriverit.</span> 
     </span>
    </p>
   </div>
   <div class='ocr_carea' id='block_1_6' title="bbox 257 2198 1467 2397">
    <p class='ocr_par' dir='ltr' id='par_1_6' title="bbox 257 2198 1467 2397">
     <span class='ocr_line' id='line_1_14' title="bbox 360 2198 1467 2285; baseline 0.005 -21"><span class='ocrx_word' id='word_1_96' title='bbox 360 2198 456 2264; x_wconf 90' lang='lat' dir='ltr'>Novit</span> <span class='ocrx_word' id='word_1_97' title='bbox 479 2198 688 2264; x_wconf 88' lang='lat' dir='ltr'>ecclesiastica</span> <span class='ocrx_word' id='word_1_98' title='bbox 711 2199 842 2262; x_wconf 86' lang='lat' dir='ltr'>eruditio</span> <span class='ocrx_word' id='word_1_99' title='bbox 865 2198 1001 2283; x_wconf 80' lang='lat' dir='ltr'>lapidem</span> <span class='ocrx_word' id='word_1_100' title='bbox 1024 2201 1106 2266; x_wconf 93' lang='lat' dir='ltr'>huuc</span> <span class='ocrx_word' id='word_1_101' title='bbox 1127 2201 1325 2285; x_wconf 88' lang='lat' dir='ltr'>interpretari</span> <span class='ocrx_word' id='word_1_102' title='bbox 1352 2203 1467 2269; x_wconf 89' lang='lat' dir='ltr'>Domi·</span> 
     </span>
     <span class='ocr_line' id='line_1_15' title="bbox 257 2310 1464 2397; baseline 0.006 -24"><span class='ocrx_word' id='word_1_103' title='bbox 257 2329 336 2375; x_wconf 91' lang='lat' dir='ltr'>num</span> <span class='ocrx_word' id='word_1_104' title='bbox 357 2311 477 2390; x_wconf 88' lang='lat' dir='ltr'>Jesum,</span> <span class='ocrx_word' id='word_1_105' title='bbox 503 2311 556 2393; x_wconf 88' lang='lat' dir='ltr'>qui</span> <span class='ocrx_word' id='word_1_106' title='bbox 575 2311 613 2375; x_wconf 92' lang='lat' dir='ltr'>de</span> <span class='ocrx_word' id='word_1_107' title='bbox 635 2312 751 2389; x_wconf 90' lang='lat' dir='ltr'>monte,</span> <span class='ocrx_word' id='word_1_108' title='bbox 774 2311 811 2374; x_wconf 90' lang='lat' dir='ltr'>de</span> <span class='ocrx_word' id='word_1_109' title='bbox 833 2310 1062 2393; x_wconf 81' lang='lat' dir='ltr'>patriacharum</span> <span class='ocrx_word' id='word_1_110' title='bbox 1086 2313 1191 2397; x_wconf 82' lang='lat' dir='ltr'>stirpe,</span> <span class='ocrx_word' id='word_1_111' title='bbox 1215 2312 1373 2378; x_wconf 88' lang='lat' dir='ltr'>abscissus</span> <span class='ocrx_word' id='word_1_112' title='bbox 1396 2313 1464 2380; x_wconf 93' lang='lat' dir='ltr'>sine</span> 
     </span>
    </p>
   </div>
   <div class='ocr_carea' id='block_1_7' title="bbox 258 2421 1565 2505">
    <p class='ocr_par' dir='ltr' id='par_1_7' title="bbox 258 2421 1565 2505">
     <span class='ocr_line' id='line_1_16' title="bbox 258 2421 1565 2505; baseline 0.004 -18"><span class='ocrx_word' id='word_1_113' title='bbox 258 2421 530 2504; x_wconf 90' lang='lat' dir='ltr'>complectentium</span> <span class='ocrx_word' id='word_1_114' title='bbox 559 2422 704 2487; x_wconf 87' lang='lat' dir='ltr'>manibus</span> <span class='ocrx_word' id='word_1_115' title='bbox 736 2422 883 2505; x_wconf 89' lang='lat' dir='ltr'>parvulus</span> <span class='ocrx_word' id='word_1_116' title='bbox 919 2421 1043 2504; x_wconf 90' lang='lat' dir='ltr'>quidem</span> <span class='ocrx_word' id='word_1_117' title='bbox 1080 2421 1171 2487; x_wconf 88' lang='lat' dir='ltr'>nobis</span> <span class='ocrx_word' id='word_1_118' title='bbox 1209 2428 1240 2487; x_wconf 90' lang='lat' dir='ltr'>et</span> <span class='ocrx_word' id='word_1_119' title='bbox 1276 2424 1309 2489; x_wconf 91' lang='lat' dir='ltr'>in</span> <span class='ocrx_word' id='word_1_120' title='bbox 1343 2427 1461 2491; x_wconf 90' lang='lat' dir='ltr'>nostris</span> <span class='ocrx_word' id='word_1_121' title='bbox 1564 2467 1565 2472; x_wconf 21' lang='grc' dir='ltr'><strong>κ</strong></span> 
     </span>
    </p>
   </div>
   <div class='ocr_carea' id='block_1_8' title="bbox 257 2531 1460 2730">
    <p class='ocr_par' dir='ltr' id='par_1_8' title="bbox 257 2531 1460 2730">
     <span class='ocr_line' id='line_1_17' title="bbox 257 2531 1460 2617; baseline 0.004 -20"><span class='ocrx_word' id='word_1_122' title='bbox 257 2535 349 2598; x_wconf 90' lang='lat' dir='ltr'>natus</span> <span class='ocrx_word' id='word_1_123' title='bbox 373 2533 420 2596; x_wconf 89' lang='lat' dir='ltr'>cst</span> <span class='ocrx_word' id='word_1_124' title='bbox 443 2532 496 2596; x_wconf 90' lang='lat' dir='ltr'>sed</span> <span class='ocrx_word' id='word_1_125' title='bbox 518 2532 703 2597; x_wconf 89' lang='lat' dir='ltr'>humilitatis</span> <span class='ocrx_word' id='word_1_126' title='bbox 727 2550 801 2596; x_wconf 88' lang='lat' dir='ltr'>suae</span> <span class='ocrx_word' id='word_1_127' title='bbox 822 2531 937 2596; x_wconf 87' lang='lat' dir='ltr'>virtute</span> <span class='ocrx_word' id='word_1_128' title='bbox 960 2532 1054 2597; x_wconf 90' lang='lat' dir='ltr'>etiam</span> <span class='ocrx_word' id='word_1_129' title='bbox 1078 2535 1243 2617; x_wconf 87' lang='lat' dir='ltr'>antequam</span> <span class='ocrx_word' id='word_1_130' title='bbox 1278 2539 1460 2602; x_wconf 89' lang='lat' dir='ltr'>nasceretur</span> 
     </span>
     <span class='ocr_line' id='line_1_18' title="bbox 258 2641 1459 2730; baseline 0.003 -21"><span class='ocrx_word' id='word_1_131' title='bbox 258 2646 392 2728; x_wconf 90' lang='lat' dir='ltr'>quatuor</span> <span class='ocrx_word' id='word_1_132' title='bbox 411 2643 465 2708; x_wconf 91' lang='lat' dir='ltr'>illa</span> <span class='ocrx_word' id='word_1_133' title='bbox 486 2644 669 2729; x_wconf 88' lang='lat' dir='ltr'>principalia</span> <span class='ocrx_word' id='word_1_134' title='bbox 691 2662 785 2728; x_wconf 86' lang='lat' dir='ltr'>regna</span> <span class='ocrx_word' id='word_1_135' title='bbox 808 2641 1034 2726; x_wconf 79' lang='lat' dir='ltr'>babylonicum,</span> <span class='ocrx_word' id='word_1_136' title='bbox 1059 2645 1215 2730; x_wconf 89' lang='lat' dir='ltr'>persicum</span> <span class='ocrx_word' id='word_1_137' title='bbox 1234 2663 1270 2711; x_wconf 87' lang='lat' dir='ltr'>ac</span> <span class='ocrx_word' id='word_1_138' title='bbox 1292 2648 1459 2730; x_wconf 90' lang='lat' dir='ltr'>medicum,</span> 
     </span>
    </p>
   </div>
   <div class='ocr_carea' id='block_1_9' title="bbox 257 2754 1566 2843">
    <p class='ocr_par' dir='ltr' id='par_1_9' title="bbox 257 2754 1566 2843">
     <span class='ocr_line' id='line_1_19' title="bbox 257 2754 1566 2843; baseline 0.004 -24"><span class='ocrx_word' id='word_1_139' title='bbox 257 2755 490 2820; x_wconf 90' lang='lat' dir='ltr'>macedonicum</span> <span class='ocrx_word' id='word_1_140' title='bbox 511 2758 604 2839; x_wconf 85' lang='lat' dir='ltr'>atque</span> <span class='ocrx_word' id='word_1_141' title='bbox 627 2772 789 2819; x_wconf 89' lang='lat' dir='ltr'>romanum</span> <span class='ocrx_word' id='word_1_142' title='bbox 812 2754 957 2818; x_wconf 86' lang='lat' dir='ltr'>contrivit</span> <span class='ocrx_word' id='word_1_143' title='bbox 980 2758 1011 2818; x_wconf 91' lang='lat' dir='ltr'>et</span> <span class='ocrx_word' id='word_1_144' title='bbox 1033 2760 1191 2821; x_wconf 91' lang='lat' dir='ltr'>conterere</span> <span class='ocrx_word' id='word_1_145' title='bbox 1224 2758 1334 2840; x_wconf 88' lang='lat' dir='ltr'>coepit,</span> <span class='ocrx_word' id='word_1_146' title='bbox 1380 2777 1458 2843; x_wconf 88' lang='lat' dir='ltr'>quae</span> <span class='ocrx_word' id='word_1_147' title='bbox 1565 2755 1566 2776; x_wconf 32' lang='lat' dir='ltr'>i</span> 
     </span>
    </p>
   </div>
   <div class='ocr_carea' id='block_1_10' title="bbox 258 2864 1460 4282">
    <p class='ocr_par' dir='ltr' id='par_1_10' title="bbox 258 2864 1460 4282">
     <span class='ocr_line' id='line_1_20' title="bbox 258 2864 1459 2953; baseline 0.002 -23"><span class='ocrx_word' id='word_1_148' title='bbox 258 2885 312 2949; x_wconf 92' lang='lat' dir='ltr'>per</span> <span class='ocrx_word' id='word_1_149' title='bbox 334 2883 456 2947; x_wconf 89' lang='lat' dir='ltr'>aurum,</span> <span class='ocrx_word' id='word_1_150' title='bbox 478 2869 651 2950; x_wconf 84' lang='lat' dir='ltr'>argentum,</span> <span class='ocrx_word' id='word_1_151' title='bbox 688 2883 739 2930; x_wconf 89' lang='lat' dir='ltr'>aes</span> <span class='ocrx_word' id='word_1_152' title='bbox 773 2868 867 2948; x_wconf 89' lang='lat' dir='ltr'>atque</span> <span class='ocrx_word' id='word_1_153' title='bbox 905 2865 1020 2929; x_wconf 85' lang='lat' dir='ltr'>ferrum</span> <span class='ocrx_word' id='word_1_154' title='bbox 1053 2867 1086 2930; x_wconf 91' lang='lat' dir='ltr'>in</span> <span class='ocrx_word' id='word_1_155' title='bbox 1123 2869 1227 2931; x_wconf 88' lang='lat' dir='ltr'>statua</span> <span class='ocrx_word' id='word_1_156' title='bbox 1262 2864 1316 2930; x_wconf 91' lang='lat' dir='ltr'>illa</span> <span class='ocrx_word' id='word_1_157' title='bbox 1347 2869 1459 2953; x_wconf 84' lang='lat' dir='ltr'>grandi</span> 
     </span>
     <span class='ocr_line' id='line_1_21' title="bbox 258 2976 1459 3063; baseline 0.002 -21"><span class='ocrx_word' id='word_1_158' title='bbox 258 2979 508 3061; x_wconf 88' lang='lat' dir='ltr'>praemonstrata</span> <span class='ocrx_word' id='word_1_159' title='bbox 532 2978 614 3040; x_wconf 89' lang='lat' dir='ltr'>sunt.</span> <span class='ocrx_word' id='word_1_160' title='bbox 659 2977 748 3041; x_wconf 90' lang='lat' dir='ltr'>Unde</span> <span class='ocrx_word' id='word_1_161' title='bbox 771 2979 802 3040; x_wconf 92' lang='lat' dir='ltr'>et</span> <span class='ocrx_word' id='word_1_162' title='bbox 825 2994 937 3040; x_wconf 90' lang='lat' dir='ltr'>nomeu</span> <span class='ocrx_word' id='word_1_163' title='bbox 962 2976 1101 3060; x_wconf 89' lang='lat' dir='ltr'>ejusdem</span> <span class='ocrx_word' id='word_1_164' title='bbox 1123 2977 1204 3059; x_wconf 90' lang='lat' dir='ltr'>apud</span> <span class='ocrx_word' id='word_1_165' title='bbox 1235 2978 1350 3042; x_wconf 89' lang='lat' dir='ltr'>lsaiam</span> <span class='ocrx_word' id='word_1_166' title='bbox 1384 2998 1459 3063; x_wconf 91' lang='lat' dir='ltr'>pro·</span> 
     </span>
     <span class='ocr_line' id='line_1_22' title="bbox 259 3087 1460 3172; baseline 0.002 -21"><span class='ocrx_word' id='word_1_167' title='bbox 259 3087 387 3172; x_wconf 87' lang='lat' dir='ltr'>phetam</span> <span class='ocrx_word' id='word_1_168' title='bbox 411 3090 556 3152; x_wconf 90' lang='lat' dir='ltr'>vocatum</span> <span class='ocrx_word' id='word_1_169' title='bbox 579 3091 647 3152; x_wconf 88' lang='lat' dir='ltr'>est:</span> <span class='ocrx_word' id='word_1_170' title='bbox 670 3091 865 3164; x_wconf 85' lang='lat' dir='ltr'>accelera,</span> <span class='ocrx_word' id='word_1_171' title='bbox 897 3088 1031 3170; x_wconf 89' lang='lat' dir='ltr'>spolia</span> <span class='ocrx_word' id='word_1_172' title='bbox 1054 3088 1286 3166; x_wconf 86' lang='lat' dir='ltr'>detrahere,</span> <span class='ocrx_word' id='word_1_173' title='bbox 1309 3087 1460 3154; x_wconf 86' lang='lat' dir='ltr'>festina</span> 
     </span>
     <span class='ocr_line' id='line_1_23' title="bbox 259 3195 1460 3283; baseline 0.001 -20"><span class='ocrx_word' id='word_1_174' title='bbox 259 3195 487 3282; x_wconf 86' lang='lat' dir='ltr'>praedari1).</span> <span class='ocrx_word' id='word_1_175' title='bbox 512 3197 612 3264; x_wconf 78' lang='lat' dir='ltr'>Causa</span> <span class='ocrx_word' id='word_1_176' title='bbox 632 3217 756 3282; x_wconf 89' lang='lat' dir='ltr'>quoque</span> <span class='ocrx_word' id='word_1_177' title='bbox 779 3199 912 3263; x_wconf 90' lang='lat' dir='ltr'>nominis</span> <span class='ocrx_word' id='word_1_178' title='bbox 936 3198 1074 3281; x_wconf 90' lang='lat' dir='ltr'>ejusdem</span> <span class='ocrx_word' id='word_1_179' title='bbox 1095 3197 1264 3281; x_wconf 88' lang='lat' dir='ltr'>subjuncta</span> <span class='ocrx_word' id='word_1_180' title='bbox 1286 3202 1342 3276; x_wconf 89' lang='lat' dir='ltr'>cst,</span> <span class='ocrx_word' id='word_1_181' title='bbox 1367 3200 1460 3283; x_wconf 89' lang='lat' dir='ltr'>quia</span> 
     </span>
     <span class='ocr_line' id='line_1_24' title="bbox 260 3309 1460 3393; baseline 0.002 -20"><span class='ocrx_word' id='word_1_182' title='bbox 260 3312 474 3393; x_wconf 89' lang='lat' dir='ltr'>antequam</span> <span class='ocrx_word' id='word_1_183' title='bbox 497 3309 605 3373; x_wconf 90' lang='lat' dir='ltr'>sciat</span> <span class='ocrx_word' id='word_1_184' title='bbox 626 3328 723 3391; x_wconf 90' lang='lat' dir='ltr'>puer</span> <span class='ocrx_word' id='word_1_185' title='bbox 761 3328 902 3374; x_wconf 87' lang='lat' dir='ltr'>vocare</span> <span class='ocrx_word' id='word_1_186' title='bbox 935 3313 1085 3392; x_wconf 90' lang='lat' dir='ltr'>patrem</span> <span class='ocrx_word' id='word_1_187' title='bbox 1122 3313 1160 3373; x_wconf 90' lang='lat' dir='ltr'>et</span> <span class='ocrx_word' id='word_1_188' title='bbox 1193 3313 1358 3373; x_wconf 88' lang='lat' dir='ltr'>matrem</span> <span class='ocrx_word' id='word_1_189' title='bbox 1396 3328 1460 3376; x_wconf 89' lang='lat' dir='ltr'>eu-</span> 
     </span>
     <span class='ocr_line' id='line_1_25' title="bbox 261 3418 1459 3509; baseline -0.001 -23"><span class='ocrx_word' id='word_1_190' title='bbox 261 3423 416 3509; x_wconf 81' lang='lat' dir='ltr'>feretur</span> <span class='ocrx_word' id='word_1_191' title='bbox 438 3419 636 3486; x_wconf 88' lang='lat' dir='ltr'>fortitudo</span> <span class='ocrx_word' id='word_1_192' title='bbox 660 3420 847 3485; x_wconf 88' lang='lat' dir='ltr'>Damasci</span> <span class='ocrx_word' id='word_1_193' title='bbox 870 3422 909 3485; x_wconf 90' lang='lat' dir='ltr'>et</span> <span class='ocrx_word' id='word_1_194' title='bbox 931 3420 1065 3503; x_wconf 89' lang='lat' dir='ltr'>spolia</span> <span class='ocrx_word' id='word_1_195' title='bbox 1088 3418 1294 3485; x_wconf 89' lang='lat' dir='ltr'>Samariae</span> <span class='ocrx_word' id='word_1_196' title='bbox 1328 3439 1459 3487; x_wconf 90' lang='lat' dir='ltr'>coram</span> 
     </span>
     <span class='ocr_line' id='line_1_26' title="bbox 262 3529 1457 3617; baseline 0.001 -22"><span class='ocrx_word' id='word_1_197' title='bbox 262 3550 356 3616; x_wconf 88' lang='lat' dir='ltr'>rege</span> <span class='ocrx_word' id='word_1_198' title='bbox 399 3532 671 3617; x_wconf 84' lang='lat' dir='ltr'>Assyriorum.</span> <span class='ocrx_word' id='word_1_199' title='bbox 731 3529 867 3595; x_wconf 91' lang='lat' dir='ltr'>Multum</span> <span class='ocrx_word' id='word_1_200' title='bbox 900 3548 976 3613; x_wconf 92' lang='lat' dir='ltr'>puer</span> <span class='ocrx_word' id='word_1_201' title='bbox 1011 3531 1071 3594; x_wconf 88' lang='lat' dir='ltr'>istc</span> <span class='ocrx_word' id='word_1_202' title='bbox 1103 3530 1243 3613; x_wconf 86' lang='lat' dir='ltr'>praedari</span> <span class='ocrx_word' id='word_1_203' title='bbox 1281 3529 1457 3610; x_wconf 81' lang='lat' dir='ltr'>festinavit,</span> 
     </span>
     <span class='ocr_line' id='line_1_27' title="bbox 261 3640 1457 3726; baseline 0 -19"><span class='ocrx_word' id='word_1_204' title='bbox 261 3643 396 3708; x_wconf 90' lang='lat' dir='ltr'>multum</span> <span class='ocrx_word' id='word_1_205' title='bbox 417 3645 599 3709; x_wconf 90' lang='lat' dir='ltr'>acceleravit</span> <span class='ocrx_word' id='word_1_206' title='bbox 620 3643 718 3726; x_wconf 85' lang='lat' dir='ltr'>spolia</span> <span class='ocrx_word' id='word_1_207' title='bbox 741 3642 909 3722; x_wconf 85' lang='lat' dir='ltr'>detrahere,</span> <span class='ocrx_word' id='word_1_208' title='bbox 934 3642 987 3724; x_wconf 90' lang='lat' dir='ltr'>qui</span> <span class='ocrx_word' id='word_1_209' title='bbox 1009 3640 1155 3706; x_wconf 89' lang='lat' dir='ltr'>Damasci</span> <span class='ocrx_word' id='word_1_210' title='bbox 1177 3640 1390 3707; x_wconf 89' lang='lat' dir='ltr'>fortitudinem</span> <span class='ocrx_word' id='word_1_211' title='bbox 1422 3661 1457 3708; x_wconf 91' lang='lat' dir='ltr'>ac</span> 
     </span>
     <span class='ocr_line' id='line_1_28' title="bbox 263 3748 1456 3838; baseline -0.001 -21"><span class='ocrx_word' id='word_1_212' title='bbox 263 3753 362 3837; x_wconf 88' lang='lat' dir='ltr'>spolia</span> <span class='ocrx_word' id='word_1_213' title='bbox 399 3753 561 3820; x_wconf 80' lang='lat' dir='ltr'>Samariae</span> <span class='ocrx_word' id='word_1_214' title='bbox 601 3774 655 3838; x_wconf 89' lang='lat' dir='ltr'>per</span> <span class='ocrx_word' id='word_1_215' title='bbox 692 3772 797 3838; x_wconf 86' lang='lat' dir='ltr'>regem</span> <span class='ocrx_word' id='word_1_216' title='bbox 822 3751 1023 3837; x_wconf 82' lang='lat' dir='ltr'>Assyriorum</span> <span class='ocrx_word' id='word_1_217' title='bbox 1059 3748 1200 3828; x_wconf 86' lang='lat' dir='ltr'>abstulit,</span> <span class='ocrx_word' id='word_1_218' title='bbox 1239 3753 1347 3835; x_wconf 88' lang='lat' dir='ltr'>utpote</span> <span class='ocrx_word' id='word_1_219' title='bbox 1383 3769 1456 3817; x_wconf 88' lang='lat' dir='ltr'>suae</span> 
     </span>
     <span class='ocr_line' id='line_1_29' title="bbox 263 3863 1456 3949; baseline -0.002 -21"><span class='ocrx_word' id='word_1_220' title='bbox 263 3867 439 3948; x_wconf 89' lang='lat' dir='ltr'>parentelae</span> <span class='ocrx_word' id='word_1_221' title='bbox 460 3865 481 3930; x_wconf 93' lang='lat' dir='ltr'>i.</span> <span class='ocrx_word' id='word_1_222' title='bbox 505 3885 531 3931; x_wconf 91' lang='lat' dir='ltr'>e.</span> <span class='ocrx_word' id='word_1_223' title='bbox 555 3864 652 3930; x_wconf 88' lang='lat' dir='ltr'>tribui</span> <span class='ocrx_word' id='word_1_224' title='bbox 684 3865 768 3932; x_wconf 86' lang='lat' dir='ltr'>Juda</span> <span class='ocrx_word' id='word_1_225' title='bbox 790 3863 921 3929; x_wconf 86' lang='lat' dir='ltr'>infestos</span> <span class='ocrx_word' id='word_1_226' title='bbox 944 3880 1123 3949; x_wconf 83' lang='lat' dir='ltr'>expugnans</span> <span class='ocrx_word' id='word_1_227' title='bbox 1146 3865 1217 3926; x_wconf 89' lang='lat' dir='ltr'>ante</span> <span class='ocrx_word' id='word_1_228' title='bbox 1241 3863 1335 3927; x_wconf 85' lang='lat' dir='ltr'>etiam</span> <span class='ocrx_word' id='word_1_229' title='bbox 1366 3881 1456 3946; x_wconf 91' lang='lat' dir='ltr'>quam</span> 
     </span>
     <span class='ocr_line' id='line_1_30' title="bbox 263 3971 1459 4060; baseline -0.001 -21"><span class='ocrx_word' id='word_1_230' title='bbox 263 3979 386 4060; x_wconf 87' lang='lat' dir='ltr'>patrem</span> <span class='ocrx_word' id='word_1_231' title='bbox 410 3995 501 4040; x_wconf 92' lang='lat' dir='ltr'>suum</span> <span class='ocrx_word' id='word_1_232' title='bbox 523 3977 543 4041; x_wconf 94' lang='lat' dir='ltr'>i.</span> <span class='ocrx_word' id='word_1_233' title='bbox 567 3997 593 4042; x_wconf 90' lang='lat' dir='ltr'>e.</span> <span class='ocrx_word' id='word_1_234' title='bbox 627 3976 793 4042; x_wconf 86' lang='lat' dir='ltr'>nutritium</span> <span class='ocrx_word' id='word_1_235' title='bbox 825 3975 847 4042; x_wconf 85' lang='lat' dir='ltr'>J</span> <span class='ocrx_word' id='word_1_236' title='bbox 850 3974 945 4058; x_wconf 88' lang='lat' dir='ltr'>cseph</span> <span class='ocrx_word' id='word_1_237' title='bbox 976 3980 1007 4041; x_wconf 91' lang='lat' dir='ltr'>et</span> <span class='ocrx_word' id='word_1_238' title='bbox 1038 3978 1171 4039; x_wconf 87' lang='lat' dir='ltr'>matrem</span> <span class='ocrx_word' id='word_1_239' title='bbox 1204 3991 1293 4038; x_wconf 90' lang='lat' dir='ltr'>suam</span> <span class='ocrx_word' id='word_1_240' title='bbox 1325 3971 1459 4038; x_wconf 88' lang='lat' dir='ltr'>Mariam</span> 
     </span>
     <span class='ocr_line' id='line_1_31' title="bbox 264 4083 1460 4171; baseline -0.003 -20"><span class='ocrx_word' id='word_1_241' title='bbox 264 4087 416 4171; x_wconf 88' lang='lat' dir='ltr'>virginem</span> <span class='ocrx_word' id='word_1_242' title='bbox 440 4091 610 4153; x_wconf 91' lang='lat' dir='ltr'>secundum</span> <span class='ocrx_word' id='word_1_243' title='bbox 632 4088 789 4154; x_wconf 92' lang='lat' dir='ltr'>hominem</span> <span class='ocrx_word' id='word_1_244' title='bbox 812 4087 914 4153; x_wconf 91' lang='lat' dir='ltr'>sciret.</span> <span class='ocrx_word' id='word_1_245' title='bbox 953 4086 1020 4151; x_wconf 90' lang='lat' dir='ltr'>Nec</span> <span class='ocrx_word' id='word_1_246' title='bbox 1048 4085 1164 4150; x_wconf 91' lang='lat' dir='ltr'>mirum</span> <span class='ocrx_word' id='word_1_247' title='bbox 1185 4084 1258 4169; x_wconf 90' lang='lat' dir='ltr'>quia</span> <span class='ocrx_word' id='word_1_248' title='bbox 1279 4083 1362 4148; x_wconf 90' lang='lat' dir='ltr'>idem</span> <span class='ocrx_word' id='word_1_249' title='bbox 1385 4102 1460 4166; x_wconf 91' lang='lat' dir='ltr'>puer</span> 
     </span>
     <span class='ocr_line' id='line_1_32' title="bbox 264 4192 1458 4282; baseline -0.004 -20"><span class='ocrx_word' id='word_1_250' title='bbox 264 4201 430 4282; x_wconf 90' lang='lat' dir='ltr'>antequam</span> <span class='ocrx_word' id='word_1_251' title='bbox 452 4198 621 4264; x_wconf 90' lang='lat' dir='ltr'>secundum</span> <span class='ocrx_word' id='word_1_252' title='bbox 643 4217 768 4265; x_wconf 87' lang='lat' dir='ltr'>carnem</span> <span class='ocrx_word' id='word_1_253' title='bbox 790 4201 969 4265; x_wconf 88' lang='lat' dir='ltr'>nasceretur</span> <span class='ocrx_word' id='word_1_254' title='bbox 989 4198 1074 4264; x_wconf 86' lang='lat' dir='ltr'>Deus</span> <span class='ocrx_word' id='word_1_255' title='bbox 1096 4200 1241 4263; x_wconf 89' lang='lat' dir='ltr'>aeternus</span> <span class='ocrx_word' id='word_1_256' title='bbox 1268 4192 1336 4260; x_wconf 86' lang='lat' dir='ltr'>suit.</span> <span class='ocrx_word' id='word_1_257' title='bbox 1372 4193 1458 4260; x_wconf 85' lang='lat' dir='ltr'>Sicut</span> 
     </span>
    </p>
   </div>
   <div class='ocr_carea' id='block_1_11' title="bbox 266 4390 564 4401">
    <p class='ocr_par' dir='ltr' id='par_1_11' title="bbox 266 4390 564 4401">
     <span class='ocr_line' id='line_1_33' title="bbox 266 4390 564 4401; baseline 0.003 -2"><span class='ocrx_word' id='word_1_258' title='bbox 266 4390 564 4401; x_wconf 53' lang='lat' dir='ltr'><em>m-——n</em></span> 
     </span>
    </p>
   </div>
   <div class='ocr_carea' id='block_1_12' title="bbox 373 4462 584 4533">
    <p class='ocr_par' dir='ltr' id='par_1_12' title="bbox 373 4462 584 4533">
     <span class='ocr_line' id='line_1_34' title="bbox 373 4462 584 4533; baseline 0.019 -17"><span class='ocrx_word' id='word_1_259' title='bbox 373 4462 584 4533; x_wconf 66' lang='lat' dir='ltr'>amasa</span> 
     </span>
    </p>
   </div>
   <div class='ocr_carea' id='block_1_13' title="bbox 0 0 1591 5214">
    <p class='ocr_par' dir='ltr' id='par_1_13' title="bbox 0 0 1591 5214">
     <span class='ocr_line' id='line_1_35' title="bbox 0 0 1591 5214; baseline 0 0"><span class='ocrx_word' id='word_1_260' title='bbox 0 0 1591 5214; x_wconf 95' lang='lat' dir='ltr'> </span> 
     </span>
    </p>
   </div>
  </div>
 </body>
</html>
