3168 5214
239 398 302 464 352

240 568 369 653 Spiritui
391 571 498 633 sancto
521 564 691 650 proprium,
715 581 789 630 nam
811 563 941 630 verbum
963 567 994 630 et
1010 564 1223 650 significatum
1235 563 1452 651 processionis

240 682 412 747 secundum
434 683 465 744 te
487 696 505 743 a
527 678 592 742 solo
616 677 710 741 Patre
732 695 795 742 non
817 677 844 741 ei
864 675 931 760 Jam
969 677 1128 761 proprium
1167 679 1221 743 sed
1255 697 1327 744 cum
1362 677 1451 743 Filio

241 811 405 858 commune
428 795 485 857 est.

197 881 240 950 10
341 904 384 967 Et
427 901 485 966 hoo
529 899 655 983 quidem
700 901 738 966 dc
781 899 979 984 processione
1034 919 1097 964 non
1148 902 1251 966 solum
1307 901 1451 985 Spiritus

240 1014 339 1080 sancti
375 1013 428 1078 sed
462 1014 494 1077 et
522 1011 598 1090 vFilii
631 1012 767 1076 aPatre
798 1013 907 1077 contra
940 1009 1096 1077 Graecum
1114 1012 1234 1076 dictum
1269 1012 1320 1079 sit.
1362 1012 1452 1079 Nam

238 1143 295 1190 nos
318 1122 425 1187 Latini
447 1123 529 1187 inter
550 1123 763 1206 processiones
785 1124 857 1188 ilias
879 1123 950 1188 Filii
973 1121 1174 1207 Spiritusque
1195 1125 1296 1190 sancti
1318 1125 1450 1190 aPatre

238 1235 445 1300 differentiam
467 1253 536 1299 esse
559 1251 622 1299 nou
644 1236 811 1300 nescimus.
826 1235 994 1320 Proprium
1016 1251 1153 1319 nemque
1175 1238 1224 1302 est
1246 1235 1318 1300 Filii
1348 1238 1450 1303 semel

240 1347 376 1411 aPatre
406 1347 549 1431 genitura
584 1345 723 1431 perfecta
759 1346 958 1430 processione
994 1347 1033 1411 ad
1068 1347 1232 1412 creandam
1269 1349 1450 1414 mundanae

238 1455 378 1522 iacturae
400 1457 578 1522 machinam
600 1477 672 1523 cum
694 1457 743 1522 his
767 1475 847 1540 quae
868 1457 901 1522 in
924 1459 968 1522 eis
991 1459 1074 1537 sunt,
1108 1458 1189 1522 unde
1224 1458 1309 1524 idom
1345 1459 1449 1526 Filius

239 1569 277 1632 de
300 1588 334 1633 se
355 1568 484 1651 loquens
506 1567 675 1653 praeterito
698 1567 836 1651 perfecto
859 1567 953 1634 verbo
977 1588 1053 1635 usus
1077 1572 1145 1636 est:
1168 1588 1225 1655 ego
1249 1571 1332 1635 enim
1347 1573 1448 1638 aDeo

238 1679 375 1763 processi
398 1681 429 1744 et
451 1678 530 1746 veni.
575 1677 621 1744 At
643 1677 778 1762 Spiritus
797 1680 898 1745 sancti
920 1681 1076 1764 processio
1103 1697 1176 1746 oum
1210 1684 1242 1746 et
1269 1683 1338 1767 ipsa
1373 1704 1449 1769 per·

239 1789 321 1856 fecta
343 1790 394 1873 sit,
406 1809 469 1854 non
492 1793 597 1855 tamen
619 1789 758 1874 perfecta
780 1791 834 1856 sed
858 1810 980 1876 sempor
1012 1793 1052 1856 ad
1082 1791 1315 1861 innovationem
1349 1796 1450 1861 ratio-

239 1903 319 1966 nalis
343 1905 501 1967 creaturae
522 1919 541 1966 a
565 1901 658 1966 Patre
681 1901 822 1985 Filioque
842 1903 983 1986 procedit
1005 1906 1099 1987 atque
1119 1905 1153 1969 in
1174 1908 1337 1971 aetornum
1369 1924 1450 1990 pro-

241 2013 347 2078 cedere
369 2030 432 2078 non
456 2013 580 2080 desinit.
624 2013 756 2097 Propter
779 2015 861 2098 quod
882 2013 965 2080 idom
987 2014 1140 2080 Dominus
1175 2018 1214 2082 de
1246 2017 1448 2101 processione

239 2123 379 2206 ejusdem
401 2124 534 2208 Spiritus
559 2125 661 2189 sancti
682 2125 812 2208 loquens
834 2143 897 2190 nou
918 2125 1077 2210 praeteriti
1110 2125 1241 2211 perfecti
1271 2127 1326 2194 sed
1355 2145 1451 2213 prae·

238 2234 338 2300 sontis
363 2236 512 2319 temporis
537 2256 611 2302 usus
635 2238 684 2302 est
707 2235 801 2301 verbo
824 2237 950 2302 dicens:
974 2235 1108 2320 Spiritus
1148 2237 1222 2321 qui
1256 2255 1275 2303 a
1309 2238 1450 2304 Patre

237 2364 316 2430 pro
334 2345 510 2432 cedit!¹)‘
554 2346 607 2414 Sic
632 2365 705 2432 ergo
725 2348 788 2413 erit
811 2348 972 2432 proprium
993 2349 1073 2413 liiiio
1097 2351 1195 2415 semei
1217 2367 1236 2415 a
1259 2350 1354 2415 Patre
1376 2368 1451 2433 pro·

241 2455 374 2520 cessisse
397 2456 445 2521 vel
482 2457 623 2540 genitum
658 2476 735 2537 esse,
760 2457 841 2522 siout
881 2457 1011 2540 Spiritui
1051 2463 1159 2525 saneto
1199 2461 1365 2547 proprium
1403 2463 1453 2527 est

240 2587 365 2652 semper
387 2584 405 2631 a
428 2568 521 2633 Patre
543 2567 684 2652 Filioque
706 2570 879 2653 procedere.
925 2568 1008 2635 Nam
1032 2573 1115 2655 quod
1137 2575 1169 2636 et
1190 2589 1209 2636 a
1228 2573 1307 2638 Filio
1342 2591 1453 2657 proce·

238 2679 292 2743 dat
331 2679 441 2744 multis
489 2679 719 2764 scripturarum
762 2679 951 2746 testimoniis
996 2683 1215 2748 confirmatum
1259 2686 1317 2749 est.
1362 2684 1454 2750 Unde

236 2789 391 2873 superflua
413 2797 462 2855 est
485 2790 538 2854 illa
566 2789 681 2856 Graeci
701 2792 865 2858 admiratio
889 2793 1042 2860 dicentis:
1060 2796 1214 2878 quomodo
1232 2795 1269 2860 iit
1285 2813 1452 2860 commune

237 2902 268 2967 id
291 2901 374 2985 quod
396 2901 560 2987 proprium
591 2905 648 2982 est,
660 2902 721 2968 nisi
744 2906 775 2968 et
797 2903 891 2968 Pater
914 2908 945 2970 et
968 2905 1065 2971 Filius
1090 2906 1122 2970 in
1145 2924 1241 2972 unam
1276 2907 1454 2972 coadunen-

238 3016 290 3078 tur
311 3015 508 3096 pcrsonam?
535 3013 576 3078 ur
608 3014 696 3096 quasi
718 3015 901 3081 inclamans.
932 3016 972 3080 Et
994 3016 1046 3082 hic
1067 3037 1186 3098 rursus,
1207 3017 1318 3101 inquit,
1342 3015 1454 3083 Sabel-

238 3125 298 3190 lius
319 3124 439 3189 revixit.
491 3125 580 3206 Quod
604 3126 685 3190 enim
710 3145 806 3191 unum
844 3129 876 3192 et
920 3131 1082 3212 personale
1118 3130 1235 3194 idioma
1272 3132 1321 3194 est
1360 3128 1452 3194 unius

237 3238 375 3302 inacesse
405 3237 455 3301 est
487 3256 555 3302 esse
592 3255 751 3332 personae.
796 3239 883 3303 Haeo
921 3240 1025 3304 omnia
1061 3237 1198 3304 Graecus
1235 3239 1453 3306 convenienter

238 3349 375 3425 interret,
400 3347 426 3411 si
448 3347 607 3431 proprium
630 3348 733 3413 Patris
756 3352 839 3414 esset
862 3351 900 3415 de
922 3369 955 3416 se
978 3349 1135 3434 Spiritum
1153 3351 1295 3417 emittere
1337 3355 1369 3418 et
1390 3370 1453 3418 non

238 3460 320 3525 idem
343 3459 429 3524 Patri
452 3477 522 3523 cum
547 3460 624 3524 Filio
648 3478 813 3526 commune
836 3462 964 3528 Latinus
990 3461 1199 3528 confiteretur.
1229 3463 1341 3528 'Nono
1378 3479 1449 3528 voro

238 3588 327 3634 cassa
349 3571 408 3635 erit
432 3569 497 3654 ejus
521 3571 558 3634 de
581 3570 750 3636 sabelliana
783 3572 904 3638 haeresi
939 3575 1059 3653 inlatio,
1097 3573 1247 3657 quoniam
1289 3578 1321 3639 et
1354 3593 1449 3640 unum

236 3685 465 3765 communemi)
498 3679 635 3765 Spiritus
658 3683 758 3750 sancti
780 3686 1010 3767 processionem
1031 3687 1158 3751 aPatre
1174 3685 1268 3751 simui
1304 3687 1336 3750 ot
1371 3686 1451 3751 Filio

239 3793 438 3874 constemus
462 3795 544 3861 sieut
566 3814 646 3861 unus
669 3797 754 3862 rivus
777 3798 984 3863 communiter
1007 3799 1044 3864 de
1067 3796 1154 3862 fonte
1178 3795 1339 3881 fontisque
1375 3816 1451 3864 vena

238 3905 377 3988 procedit
400 3910 431 3970 et
453 3906 579 3972 Patrem
601 3911 762 3973 damonae
785 3907 934 3973 similium
953 3908 1087 3993 propriis
1111 3907 1150 3973 ab
1173 3908 1307 3976 invicem
1338 3911 1440 3976 differ·

240 4014 331 4081 eutiis
355 4015 472 4082 distare
498 4038 560 4083 non
581 4035 744 4103 negamus.

205 4122 243 4190 11
344 4126 384 4191 Et
405 4126 481 4192 haec
503 4128 574 4195 fidoi
607 4133 732 4195 nostrae
765 4147 784 4194 a
817 4131 912 4197 Patre
941 4131 1036 4197 simul
1066 4134 1097 4197 et
1128 4131 1209 4198 Filio
1241 4133 1450 4216 processionis

240 4235 374 4322 Spiritus
422 4239 525 4304 sancti
569 4239 723 4307 confessio
768 4239 989 4327 subsequentia
1038 4261 1159 4327 quoque
1203 4231 1314 4313 Graeci
1357 4245 1451 4313 verba

344 4476 365 4548 ¹)
383 4479 454 4533 ioan.
474 4479 517 4536 15.
536 4478 579 4534 26.
611 4507 638 4520 -
662 4479 682 4550 2)
702 4481 757 4537 cod.
778 4497 922 4537 commune.
