3168 5190
1244 401 1247 412 .
1289 351 1351 418 199

140 513 333 580 beneficium
367 514 531 582 creationis
551 533 614 582 non
636 517 738 582 minus
762 521 809 583 est
832 519 940 602 utique
974 518 1160 587 beneficium
1181 521 1350 607 redempti-

142 626 227 692 onis.
249 627 351 693 Immo
367 645 439 692 vero
455 625 527 710 quia
547 627 649 693 nihil
671 628 785 696 nobis
807 633 916 696 nasci
937 631 1096 715 profuit
1117 631 1197 698 nisi
1214 634 1349 702 redimi

139 739 375 823 profuisset
411 739 512 823 majus
549 741 638 824 plane
676 760 754 826 opus
793 742 1015 827 redemptionis
1052 741 1204 828 nobisque
1236 747 1344 814 utilius

140 867 241 934 quam
263 851 428 917 creationis
452 869 528 934 opus
552 870 620 916 esse
642 852 806 920 constabit.
844 852 933 920 Unde
955 856 983 920 si
1004 856 1083 921 alius
1107 859 1228 923 creator
1250 861 1344 943 atque

137 961 224 1028 alius
257 961 436 1046 redemptor
468 963 613 1029 existeret
643 982 705 1028 non
740 966 842 1030 solum
881 969 1002 1051 aequali
1035 966 1090 1034 sed
1112 971 1143 1034 et
1165 968 1283 1053 majore
1305 969 1345 1036 ab

138 1070 323 1138 hominibus
355 1073 532 1159 redemptor
569 1092 663 1159 quam
697 1079 816 1142 creator
852 1077 968 1144 honore
990 1078 1149 1146 habendus
1173 1083 1346 1165 putaretur.

138 1181 207 1250 Sed
230 1184 275 1248 sic
297 1185 405 1268 plenae
438 1183 639 1252 beatitudinis
673 1205 801 1272 compos
836 1190 940 1254 anima
973 1191 1133 1257 rationalis
1167 1211 1229 1258 non
1253 1195 1344 1274 esset,

137 1312 221 1378 quae
243 1295 327 1361 alind
351 1295 434 1380 quid,
469 1300 594 1381 praeter
624 1298 725 1364 Deum
759 1319 881 1367 summe
902 1306 1100 1368 veneraretur
1132 1321 1168 1369 ac
1190 1303 1345 1388 diligeret,

139 1406 260 1491 quippe
283 1423 376 1491 quam
400 1409 466 1473 sola
489 1409 580 1475 unius
603 1410 661 1476 Dei
695 1413 785 1494 plena
809 1413 886 1479 visio
910 1417 942 1479 et
963 1413 1088 1481 dilectio
1111 1414 1278 1484 beatificat.

531 1804 534 1814 ’
639 1800 748 1870 Gap.
767 1801 841 1860 vl.

216 1925 330 1993 Nullus
351 1924 511 1995 mediator
532 1925 590 1994 ant
610 1925 797 2015 redemptor
817 1928 912 2015 aptus
934 1927 1068 2016 praeter
1090 1928 1258 1997 christum.

236 2111 288 2179 Ad
310 2113 384 2197 quid
406 2114 504 2198 igitur
524 2113 605 2179 inter
627 2112 765 2180 medium
787 2115 909 2181 animae
931 2132 967 2182 ac
982 2114 1085 2181 Deum
1107 2116 1263 2183 redemtor
1284 2116 1337 2182 ille

131 2244 199 2290 non
221 2226 331 2304 Deus?
368 2223 421 2290 Ad
440 2225 517 2291 nihil
539 2226 646 2310 utique
664 2226 725 2291 nisi
747 2227 786 2291 ad
810 2226 1012 2294 offensionem
1033 2228 1129 2293 immo
1153 2231 1185 2293 et
1209 2227 1337 2295 subver-

129 2339 255 2402 sionem
292 2336 464 2426 dileotionis
501 2337 654 2402 humanae
675 2337 708 2401 in
730 2339 832 2403 Deum
869 2339 995 2404 tendere
1017 2357 1050 2404 se
1073 2337 1223 2405 debentis.
1268 2337 1334 2404 Nec

132 2449 222 2514 dieat
241 2449 318 2514 mihi
341 2450 419 2533 quis,
443 2449 527 2533 quod
548 2468 603 2532 per
625 2449 828 2515 mediatorem
850 2450 940 2515 illum
955 2452 1116 2532 tamqnam
1138 2466 1157 2513 a
1179 2449 1244 2514 Deo
1268 2468 1335 2516 ors·

129 2564 224 2626 atum
246 2563 278 2626 et
298 2560 432 2626 missum
464 2557 587 2624 dilectio
622 2558 722 2625 cordis
755 2558 884 2624 humani
917 2560 1042 2625 tendere
1075 2577 1108 2624 se
1140 2558 1267 2626 haberet
1300 2560 1333 2626 in

126 2673 236 2736 Deum
257 2674 289 2737 et
310 2689 372 2735 nou
393 2669 426 2734 in
447 2669 501 2735 illo
524 2670 580 2734 tali
601 2670 796 2754 redemptore
819 2669 985 2752 quiescere,
1008 2687 1081 2734 nam
1099 2673 1131 2736 et
1144 2689 1236 2752 nuno,
1260 2689 1332 2737 cum

128 2782 275 2851 Christus
298 2781 388 2847 nobis
410 2799 429 2846 a
450 2783 517 2847 Deo
540 2782 634 2848 Patre
655 2784 748 2847 natus
770 2798 806 2846 ao
828 2781 983 2849 redemtor
998 2782 1113 2848 missus
1129 2781 1181 2860 sit,
1204 2781 1332 2846 nonita

127 2895 256 2960 dilectio
287 2895 395 2959 nostra
428 2912 485 2978 per
516 2893 622 2978 ipsum
644 2893 676 2960 in
698 2894 801 2959 Deum
834 2893 960 2959 Patrem
994 2893 1110 2974 tendit,
1149 2897 1185 2959 ut
1208 2892 1330 2979 inipso

126 3003 243 3072 minori
276 3003 467 3089 plenitudine
501 3021 593 3088 quam
614 3005 647 3069 in
669 3004 763 3070 Patre
786 3005 851 3070 Deo
874 3005 1058 3087 requieseat,
1094 3005 1205 3090 quippe
1228 3023 1246 3070 a
1269 3025 1329 3090 quo

127 3135 193 3182 non
225 3117 345 3183 minora
377 3134 472 3200 quam
493 3134 512 3182 a
533 3117 600 3210 Dae
623 3117 716 3184 Patre
747 3116 895 3184 beneficia
929 3116 1133 3203 percepimus.
1178 3115 1329 3184 Similiter

126 3230 235 3294 autem
256 3231 289 3294 et
308 3229 340 3293 in
362 3228 416 3294 illo
439 3229 613 3294 redemtore
634 3248 697 3294 non
712 3230 777 3295 Deo
801 3231 957 3314 quiescere
978 3228 1115 3310 haberet,
1140 3229 1251 3314 quiippe
1275 3230 1328 3313 qni

125 3359 190 3406 non
220 3341 348 3407 minoris
383 3341 488 3406 meriti
510 3341 591 3424 apud
612 3361 669 3408 nos
692 3359 788 3426 quem
812 3340 953 3408 Christus
976 3339 1129 3419 existeret,
1168 3340 1274 3424 sicque
1296 3341 1328 3406 in

126 3455 251 3517 tantum
272 3469 292 3517 a
314 3453 477 3519 dilectione
514 3453 681 3520 conditoris
703 3455 810 3518 nostra
832 3453 965 3518 charitas
989 3451 1150 3532 excideret,
1173 3451 1206 3516 in
1230 3468 1327 3534 quan·

126 3566 197 3628 tum
227 3564 345 3648 aliquid
367 3566 528 3650 cumipse
563 3568 618 3630 aut
639 3582 712 3648 prae
733 3564 810 3648 ipso,
845 3564 927 3648 quod
948 3581 1010 3629 non
1033 3565 1116 3628 esset
1136 3562 1221 3627 Deus
1255 3559 1327 3628 dili-

124 3679 222 3757 geret,
256 3669 350 3759 atque
382 3674 427 3740 ita
459 3677 544 3741 salva
574 3695 641 3742 esse
673 3695 736 3741 non
755 3679 864 3762 posset
885 3676 989 3741 anima
1010 3673 1169 3740 rahonalis
1209 3672 1326 3758 aliquid

124 3788 250 3870 praeter
260 3786 362 3851 Deum
372 3787 441 3852 loco
452 3786 512 3852 Dei
523 3787 666 3872 diligens,
679 3787 792 3873 quippe
814 3786 902 3871 eujus
925 3787 1009 3854 salus
1029 3786 1062 3851 in
1086 3783 1326 3852 selauniusDei

124 3897 189 3962 reri
211 3897 386 3980 cognitione
419 3916 454 3964 ae
471 3898 639 3986 dilectione
662 3900 814 3965 consistit.
859 3899 948 3965 Unde
969 3897 1078 3981 procul
1108 3896 1249 3980 pellenda
1273 3898 1321 3961 est

121 4007 177 4072 illa
199 4007 337 4093 suspicio
358 4010 532 4093 paralium
555 4029 649 4094 quam
671 4031 726 4094 per
747 4011 847 4076 Deum
871 4010 1030 4075 hominem
1052 4008 1170 4076 laetum
1205 4007 1323 4074 redem-

122 4118 240 4184 tionem
262 4118 397 4184 hominis
423 4123 571 4207 compleri
593 4123 743 4208 potuisse,
767 4122 902 4206 alioquin
926 4121 1068 4189 Christus
1091 4119 1189 4205 gratis
1205 4137 1241 4184 ae
1256 4121 1322 4184 sine

121 4247 216 4298 causa
239 4233 381 4298 mortuus
404 4238 496 4301 esset.
541 4233 633 4300 Nunc
655 4236 759 4300 autem
782 4234 1029 4300 demonstratum
1052 4235 1109 4312 eet,
1149 4234 1281 4315 quantae
1298 4229 1322 4314 1)

226 4453 246 4516 ι)
265 4450 322 4508 cod.
343 4453 445 4518 quanta.
