3158 5212
1296 425 1316 490 9

105 605 196 688 quasi
221 608 320 672 Petro
343 604 423 670 mihi
444 605 599 670 innuente
614 603 696 667 etin
711 602 772 668 hoc
788 603 894 687 ipsum
910 600 1105 667 auctoritate
1127 602 1315 683 praestante

106 711 143 774 de
164 713 310 776 materia
331 710 485 777 videlicet
504 706 696 792 scrupulosa
709 707 889 789 praeterita
904 705 1100 788 conjectans,
1118 702 1235 768 futuris
1250 721 1315 766 non

106 815 348 898 praejudicans,
382 815 431 878 ita
452 820 489 878 ut
511 819 599 879 totns
622 830 727 876 sermo
761 829 852 874 mens
874 810 979 892 magis
1002 808 1195 891 inquirentis
1218 824 1315 889 quam

107 918 285 984 difinientis
309 919 364 999 sit,
404 918 460 1001 qui
491 924 524 982 et
546 939 567 982 a
590 914 767 981 canonicae
790 915 978 998 scripturae,
1016 913 1132 996 quibus
1156 909 1314 988 innititur,

106 1023 327 1088 fundamentis
361 1044 426 1088 non
458 1021 605 1102 recedet,
644 1019 793 1103 quamvis
825 1025 956 1104 praeter
988 1038 1082 1085 usum
1115 1033 1316 1082 communem

107 1127 176 1208 ejus
201 1128 364 1193 interdum
388 1127 428 1192 de
451 1127 574 1193 ultimis
592 1123 791 1208 temporibus
814 1123 1001 1205 aenigmata
1023 1122 1175 1202 resolvat,
1199 1118 1252 1185 vel
1273 1118 1315 1182 ab

108 1230 180 1295 aliis
205 1231 350 1297 resoluta
366 1232 575 1297 demonstret.
597 1231 683 1295 Nam
699 1248 810 1293 omnes
834 1231 901 1292 fere
924 1229 1097 1312 scriptores
1131 1225 1172 1290 de
1195 1224 1315 1288 disces·

109 1333 209 1416 sibus,
245 1334 397 1400 facienda
419 1335 460 1400 de
482 1333 707 1419 persecutione
730 1331 931 1410 Antichristi‚
963 1331 1003 1397 de
1026 1331 1128 1414 signis
1151 1337 1185 1395 et
1206 1325 1316 1414 prodi-

110 1438 172 1519 giis
197 1438 264 1503 illis
286 1439 506 1519 mendacibus,
545 1438 586 1502 de
609 1437 735 1503 dnobus
758 1437 896 1502 testibus
918 1437 960 1502 ab
983 1456 1021 1501 ec
1045 1433 1240 1514 occidendis,
1275 1430 1315 1496 de

110 1541 313 1608 ludaeorum
336 1543 482 1624 reliquiis
504 1540 730 1608 convertendis
753 1560 787 1604 se
809 1541 844 1605 in
866 1541 1009 1606 futurum
1047 1547 1175 1624 tempus
1205 1543 1315 1602 exten·

109 1643 210 1710 dunt:
234 1665 309 1728 ego
332 1665 431 1711 vero
453 1646 718 1730 praeteritos
741 1644 954 1711 ecclesiae
977 1665 1135 1728 agones
1169 1649 1210 1707 et
1233 1640 1315 1705 ini·

110 1769 284 1830 quorum
306 1752 535 1816 ecclesiam
557 1751 903 1835 persequentium
926 1770 1067 1833 regum
1090 1746 1314 1814 saevitiam

109 1850 883 1938 extendens¹)inhocipsumpensabo
906 1855 941 1919 si
965 1856 1061 1919 forte
1084 1852 1135 1918 ad
1156 1849 1316 1933 iniqui·

109 1958 217 2023 tatis
239 1960 486 2042 mysterium
511 1958 795 2042 complendum
821 1958 1102 2024 sufficientes
1128 1953 1316 2021 inveniri

109 2063 295 2128 valeant.
340 2061 478 2147 Oportet
501 2063 587 2127 enim
608 2061 737 2146 impleri
770 2062 947 2147 scripturas
969 2062 1011 2128 de
1034 2060 1190 2127 ecclesiae
1212 2055 1317 2142 passi·

109 2166 226 2233 onibus
248 2173 281 2232 et
304 2167 486 2232 antichristi
509 2167 734 2251 persecutione
757 2166 999 2250 prophetantes,
1024 2163 1185 2249 quomodo
1219 2160 1316 2227 etde

110 2271 250 2335 Domino
283 2277 395 2336 nostro
431 2272 511 2337 Jesu
545 2270 675 2336 Christo
708 2277 741 2335 et
775 2270 816 2335 de
850 2270 922 2354 ejus
956 2269 1113 2336 traditore
1136 2267 1317 2351 completae

109 2381 195 2440 sunt.
233 2373 321 2439 Sane
354 2375 388 2439 in
418 2381 574 2458 quantum
593 2375 664 2457 Jam
686 2375 785 2440 etiam
815 2374 856 2441 de
879 2374 1069 2441 antichristo
1104 2381 1137 2439 et
1159 2371 1317 2437 ccclesiae

109 2478 270 2560 agonibus
305 2478 537 2564 prophetarum
576 2483 609 2543 et
642 2479 864 2563 apostolorum
902 2486 1000 2562 atque
1037 2479 1140 2564 ipsius
1185 2475 1316 2542 Domini

40 2566 41 2580 ¹
111 2583 244 2647 oracula
267 2583 430 2667 completa
446 2584 499 2649 vel
514 2602 597 2667 pene
614 2583 776 2668 completa
798 2581 967 2668 invenis-u)
991 2589 1153 2667 poterunt,
1176 2582 1318 2646 inaniter

110 2693 147 2750 nt
168 2686 307 2751 aestimo
327 2707 447 2767 eorum,
472 2685 587 2772 quae³)
607 2689 678 2770 Jam
701 2689 863 2771 completa
883 2689 934 2752 vel
958 2691 1025 2752 fere
1048 2688 1210 2771 completa
1230 2691 1315 2765 sunt,

111 2791 145 2854 in
177 2789 276 2873 longe
309 2789 453 2856 futurum
486 2779 676 2876 adimpletio
711 2798 929 2876 exspectatur.
962 2793 1044 2856 'Nee
1077 2791 1243 2871 curiosus,
1281 2795 1318 2854 ut

112 2895 258 2976 aestimo,
293 2901 491 2962 secretorum
524 2897 695 2979 inquisitor
725 2896 892 2962 aestimari
915 2897 1018 2962 debeo
1042 2896 1118 2961 dum
1140 2895 1174 2959 in
1196 2893 1317 2959 talibus

112 3019 215 3064 sermo
231 3018 322 3064 meus
337 2999 528 3081 versabitur,
546 3001 707 3083 quomodo
723 3020 782 3065 nec
794 3001 909 3066 Petrus
922 3007 954 3066 et
966 3000 1133 3066 Johannes
1144 3017 1316 3083 personam

113 3103 278 3168 traditoris
311 3125 332 3168 a
365 3104 505 3169 Domino
538 3104 754 3188 exquirentes,
789 3106 949 3188 siquidem
979 3105 1082 3171 omnis
1105 3110 1172 3169 tam
1205 3108 1318 3167 nostra

114 3228 208 3292 quam
232 3209 360 3275 illorum
385 3209 551 3291 inquisitio
584 3230 625 3274 ex
656 3208 829 3275 dilectione
851 3210 1000 3292 magistri
1023 3230 1062 3274 ac
1084 3208 1213 3274 Domini
1238 3207 1317 3272 Jesn

114 3322 146 3380 et
167 3314 242 3379 odio
276 3312 478 3378 inimicorum
501 3312 622 3378 Christi
659 3319 692 3378 et
715 3314 872 3378 ecclesiae
906 3314 1092 3380 descendat.
1137 3314 1207 3377 Nec
1240 3331 1317 3376 vero

114 3418 290 3501 incongrua
323 3417 407 3482 inter
429 3437 534 3482 meam
556 3418 753 3502 parvitatem
776 3424 930 3501 tuamque
953 3418 1185 3483 sublimitatem
1219 3422 1317 3498 atque

115 3523 197 3588 inter
219 3542 279 3587 nos
303 3527 336 3586 et
359 3527 469 3588 tantos
499 3523 666 3606 apostolos
703 3522 881 3587 similitudo
916 3529 965 3587 cst
999 3522 1076 3586 licet
1108 3519 1318 3606 proportione

117 3625 273 3690 dissimili.
297 3625 465 3709 Siquidem
486 3633 521 3691 tu
544 3646 616 3691 cum
639 3627 735 3691 Petro
759 3631 791 3690 et
813 3633 888 3710 post
910 3627 1041 3690 Petrum
1064 3626 1186 3691 sacculi
1210 3625 1319 3690 calcas

116 3729 228 3796 fluctus
251 3735 284 3794 et
300 3735 368 3794 rete
384 3729 487 3795 trahis
510 3731 677 3811 ecclesiae,
699 3730 778 3794 mihi
800 3750 887 3810 vcro,
911 3731 939 3795 si
961 3751 1033 3794 cum
1056 3728 1206 3796 Johanne
1221 3749 1319 3813 super

118 3840 227 3918 pectus
254 3834 386 3899 Domini
408 3837 594 3900 recumbere
616 3855 682 3898 non
715 3833 860 3916 contigit,
896 3840 1004 3898 tamen
1037 3833 1215 3899 adhaerere
1247 3834 1318 3899 Deo

118 3939 214 4003 etiam
237 3937 317 4001 mihi
340 3939 460 4003 bonum
483 3946 533 4004 est
557 3944 590 4003 et
611 3937 815 4003 meditationi
841 3945 973 4004 sanctae
996 3938 1175 4022 scripturae
1197 3937 1319 4003 incum-

117 4043 189 4108 bere
221 4061 322 4107 suave
344 4027 507 4108 interdum
529 4042 644 4125 habeo,
678 4042 711 4106 in
750 4062 815 4124 qua
847 4042 936 4107 velut
967 4042 1001 4108 in
1022 4047 1153 4126 pectore
1187 4042 1319 4107 Domini

118 4165 223 4212 omnes
242 4144 385 4211 thesauri
409 4146 589 4231 sapientiae
612 4167 651 4212 ao
673 4148 828 4212 scientiae
852 4147 1033 4213 absconditi
1056 4152 1141 4230 sunt,
1161 4147 1203 4212 de
1226 4145 1318 4231 cujus

120 4294 131 4299 -
140 4291 304 4298 --—..-..—--.-.
309 4289 361 4296 --

215 4353 234 4423 ¹)
253 4353 310 4406 cod.
330 4352 472 4405 extendunt

214 4450 235 4519 ²)
254 4451 310 4504 eod.
329 4453 433 4503 innuite

213 4547 235 4618 ⁸)
254 4549 310 4603 cod,
330 4551 375 4615 qui
