3158 5212
229 349 270 415 26

227 519 340 604 Quidni
362 519 445 584 enim
477 519 618 584 diabolus
652 518 800 586 abutatur
822 520 854 584 in
876 519 991 585 serium
1029 517 1121 584 rebus
1143 518 1203 585 sibi
1226 519 1371 588 exhibitis
1394 525 1427 590 in

227 630 374 696 vanitatis
406 630 570 710 ludicrum,
605 629 686 696 siout
718 629 871 694 Dominus
906 649 1028 718 quoque
1050 630 1144 696 Jesus
1181 635 1362 700 convertens
1396 636 1429 700 in

228 743 307 808 seria
328 741 471 824 ludibria,
506 741 617 826 quibus
640 741 722 826 apud
744 742 881 808 Judaeos
919 742 967 806 vel
990 741 1128 808 Pilatum
1150 743 1183 808 in
1204 745 1348 828 passione
1371 763 1428 810 sua

226 853 357 919 affectus
380 857 453 921 est?
475 855 551 920 Inde
574 855 656 919 enim
679 874 760 920 nunc
783 854 886 938 regius
909 853 1017 935 honor,
1040 856 1230 940 prophetalis
1253 858 1302 922 vel
1325 875 1428 924 sacer·

226 967 338 1032 dotalis
361 967 539 1048 reverentia,
573 968 699 1050 insuper
731 970 762 1030 et
796 967 916 1032 diuinus
939 967 1040 1032 honor
1072 969 1100 1032 ei
1122 968 1233 1033 merito
1258 968 1427 1052 exhibetur,

226 1097 299 1144 cum
321 1079 394 1162 quia
426 1082 518 1144 natus
541 1098 578 1144 ex
599 1080 675 1159 Deo,
713 1079 787 1162 quin
806 1080 837 1143 et
860 1079 1030 1144 secundum
1053 1097 1177 1146 carnem
1214 1099 1250 1145 ex
1272 1081 1372 1165 regali
1393 1097 1430 1146 ac

226 1189 410 1254 sacerdotali
442 1191 586 1274 prosapia
617 1189 720 1254 omnia
753 1188 828 1254 haec
857 1188 928 1273 jure
949 1192 1076 1274 paterno
1097 1191 1320 1271 haereditavit3
1360 1197 1428 1258 tnm

225 1301 320 1365 etiam
353 1301 425 1385 quia
458 1301 565 1367 eadem
597 1321 652 1386 per
685 1302 808 1384 spineae
830 1319 962 1367 coronae
990 1302 1195 1389 sceptriqne1)
1218 1305 1357 1370 simulati
1380 1306 1428 1370 vel

225 1429 379 1495 purpurae
411 1414 618 1498 gestationem
651 1433 706 1496 per
738 1414 926 1478 adorationis
957 1414 985 1478 ei
1007 1414 1159 1481 exhibitae
1182 1417 1424 1500 simulationem,

225 1542 280 1608 per
313 1521 402 1587 albae
433 1525 530 1590 vestis
564 1525 784 1605 induitionem,
821 1544 877 1609 per
898 1526 1103 1610 prophetandi
1135 1546 1236 1611 aquo
1259 1547 1428 1611 percussus

225 1633 338 1701 fuisset
360 1637 552 1702 exactionem
573 1637 634 1702 dici
657 1640 779 1703 stesso
801 1656 854 1702 rex
876 1655 996 1722 regum,
1031 1639 1116 1704 Deus
1139 1658 1260 1723 quoque
1283 1639 1427 1705 sacerdos

225 1749 257 1812 st
277 1747 427 1831 propheta
449 1766 582 1833 magnus
605 1748 800 1815 commeruit.
846 1749 907 1814 Per
928 1747 1004 1814 haec
1025 1749 1117 1832 enim,
1141 1768 1219 1833 quae
1241 1750 1428 1828 dictasunt,

224 1861 261 1923 nt
283 1859 387 1942 palam
409 1862 466 1939 est,
501 1860 586 1944 regia
618 1859 650 1925 in
680 1879 716 1925 eo
740 1860 916 1926 sublimitas
939 1861 1109 1930 diuinitatis
1133 1861 1292 1946 majestas,
1326 1878 1429 1927 sacer·

225 1970 337 2035 donna
353 1988 389 2036 ac
403 1970 592 2055 prophetalis
610 1971 745 2055 dignitas
760 1971 851 2038 irrisa
868 1975 979 2055 sonti)
1002 1973 1056 2038 sed
1077 1974 1153 2057 ipse,
1177 1973 1230 2056 qni
1241 1975 1288 2038 est
1302 1973 1427 2053 veritas,

224 2080 435 2148 irrissionibus
458 2099 566 2146 eorum
588 2082 782 2150 incantatis
805 2085 921 2150 serium
943 2105 1018 2151 usns
1042 2088 1098 2152 est.
1123 2085 1203 2168 Quid
1220 2103 1294 2168 ergo
1310 2085 1428 2149 mirum

225 2192 252 2258 si
274 2196 306 2258 et
326 2193 380 2258 isti
402 2211 484 2258 nnnc
506 2193 725 2262 antichristum
743 2198 793 2262 vel
815 2196 973 2263 Herodem
995 2199 1027 2264 in
1050 2196 1115 2263 suis
1136 2197 1219 2263 ludis
1243 2197 1426 2263 simulantes

230 2305 355 2370 eosdem
378 2323 449 2386 non,
472 2313 509 2370 ut
531 2304 574 2371 eis
595 2307 762 2373 intentioni
784 2313 841 2391 est,
862 2310 983 2376 ludicro
1006 2311 1199 2376 mentiuntur
1221 2308 1328 2374 sedin
1349 2307 1428 2372 veri-

224 2419 289 2481 tate
311 2415 464 2496 exhibent,
488 2421 597 2503 utpote
619 2437 751 2502 quorum
772 2420 837 2485 vita
859 2419 900 2484 ab
921 2421 1097 2487 antichristi
1111 2422 1180 2486 laxa
1193 2420 1427 2486 conversatione

223 2545 286 2592 non
307 2529 399 2612 longe
421 2525 540 2596 abest?¹
578 2529 702 2595 Horum
723 2531 807 2595 enim
828 2533 933 2598 locum
957 2532 1083 2616 quidem
1105 2535 1251 2598 sanctum
1274 2535 1305 2597 et
1327 2532 1427 2598 vitam

223 2640 383 2706 sanctitati
418 2640 606 2706 contrariam
629 2641 656 2706 si
677 2643 820 2708 attendas
854 2644 942 2727 quasi
976 2645 1192 2729 alienigenas³)
1225 2643 1259 2708 in
1291 2660 1362 2709 arce
1396 2645 1428 2708 et

223 2750 486 2817 abominationem
518 2753 716 2818 desolationis
739 2755 842 2820 videre
876 2761 907 2822 te
939 2757 1146 2844 suspicaberis
1168 2758 1202 2823 in
1223 2758 1292 2824 loco
1316 2759 1426 2823 sancto

224 2865 369 2928 stantem.
415 2863 565 2950 Contigit,
588 2867 625 2928 ut
647 2866 866 2951 comperimus,
890 2868 1055 2952 aliquando
1079 2870 1163 2954 apud
1183 2871 1273 2950 tales,
1296 2871 1333 2934 ut
1355 2887 1427 2935 eum

224 2994 316 3059 quern
336 2975 418 3040 inter
439 2974 557 3040 lndiora
580 2992 636 3040 sua
659 2977 747 3059 quasi
770 2981 931 3042 mortuum
952 2978 992 3043 ab
1014 2980 1135 3044 Elisaao
1158 2980 1312 3065 propheta
1328 2980 1427 3047 susci·

222 3087 354 3153 tandum
375 3083 553 3152 exhiberent
574 3090 701 3171 peracta
723 3089 922 3154 simulatione
944 3093 1105 3155 mortuum
1126 3090 1309 3159 invenirent.
1333 3091 1425 3158 Alius

221 3201 299 3266 item
320 3197 503 3264 antichristo
539 3216 595 3263 suo
619 3199 707 3282 quasi
730 3201 926 3266 suscitandus
966 3201 1089 3268 oblatus
1111 3201 1193 3268 intra
1216 3207 1338 3290 septem
1360 3204 1426 3270 diss

223 3329 294 3376 vere
316 3312 470 3390 mortuus,
493 3313 530 3374 ut
541 3311 760 3395 comperimus,
784 3313 815 3376 et
834 3315 976 3396 sepultus
999 3317 1057 3379 est.
1083 3315 1124 3381 Et
1136 3315 1204 3399 quis
1221 3316 1300 3383 scire
1309 3318 1425 3402 potest,

223 3440 262 3486 an
284 3425 315 3487 et
337 3423 439 3486 cetera
461 3421 607 3486 simulata
643 3422 818 3488 antichristi
842 3424 961 3490 scilicet
984 3425 1130 3510 effigiem,
1154 3428 1340 3495 daemonum
1362 3430 1426 3494 lar·

224 3549 287 3612 ras,
310 3533 511 3599 herodianam
532 3531 685 3597 insaniam
707 3534 739 3598 in
761 3535 892 3600 veritate
914 3555 977 3601 non
999 3537 1189 3606 exhibeant?
1225 3540 1321 3610 ¹Sicut
1343 3541 1426 3607 enim

223 3645 256 3708 in
280 3645 410 3710 veritate
432 3662 451 3708 a
474 3645 614 3729 sapiente
636 3646 757 3726 dicitur,
793 3649 865 3731 quia
897 3651 1135 3716 maledicens
1166 3653 1314 3737 impius
1337 3653 1427 3718 dia·

225 3753 355 3821 bolum
374 3756 578 3822 maledicit
601 3776 641 3823 ss
662 3758 835 3845 ipsum,⁴)
857 3766 902 3830 ita
926 3765 1150 3846 consequenter
1172 3764 1232 3830 dici
1254 3766 1294 3830 ab
1317 3767 1425 3832 eadem

223 3867 354 3935 ueritate
375 3869 490 3952 potest,
514 3870 597 3951 quod
617 3870 734 3958 impius
757 3874 901 3959 effigians
924 3876 1082 3944 diabolum
1098 3880 1146 3945 uel
1166 3879 1232 3964 ejus
1248 3878 1424 3945 membrum

226 4011 474 4024 ———-——=

326 4082 346 4153 ¹)
366 4082 422 4135 cod.
442 4085 584 4150 ceptriquo.

325 4185 345 4252 ὓ)
365 4179 396 4234 In
419 4186 536 4250 margine
563 4186 660 4242 codicis
690 4189 733 4240 hic
762 4190 886 4254 scriptum
913 4192 1028 4243 invenis:
1068 4190 1149 4249 1533.
1180 4188 1252 4248 'Gur
1279 4197 1424 4246 nostram

368 4258 523 4310 mordaci
548 4259 640 4315 rodis
666 4263 867 4317 auriculam
887 4261 986 4315 voro?

324 4353 345 4425 8)
364 4357 420 4411 cod.
440 4357 593 4411 alienienaa

323 4455 345 4522 ⁴)
366 4456 450 4514 Eccli.
468 4454 511 4509 21.
532 4454 575 4509 30.
