3172 5202
229 463 290 530 150

216 635 294 700 alies
328 635 360 699 in
393 630 674 701 communicatione
707 630 772 696 dati
806 632 838 694 et
859 628 979 712 accepti
1012 627 1177 696 diversitas
1210 649 1425 717 personamm

218 745 439 825 consideratur,
455 746 530 809 dum
551 742 631 808 alius
652 744 700 808 est
723 741 775 825 qui
797 739 959 825 pecuniam
980 739 1095 823 accipit
1116 742 1211 825 atque
1233 743 1314 808 alius
1338 744 1418 809 dans

218 856 258 921 ad
281 875 372 940 quem
394 857 549 941 possessio
579 872 634 938 pro
658 870 718 937 qua
742 853 877 917 sumitur
899 851 1020 916 transit.
1066 851 1127 919 Hic
1148 871 1221 920 voro
1243 853 1337 919 iidem
1359 854 1421 937 ipsi

220 970 303 1049 sunt,
337 968 390 1052 qui
409 965 571 1052 pecuniam
599 963 768 1048 accipiunt,
806 964 858 1046 qui
882 965 913 1027 ct
935 981 1010 1042 rem,
1045 982 1100 1048 pro
1124 981 1187 1047 qua
1210 965 1355 1044 sumitur,
1389 969 1426 1030 ut

221 1081 265 1146 ita
287 1080 432 1161 dixerim,
462 1077 660 1163 usucapiunt.

319 1190 498 1276 Accipiunt,
519 1193 555 1256 ut
576 1189 709 1255 aliorum
732 1186 894 1271 privilegia
923 1186 972 1252 vel
994 1205 1139 1269 possessa
1160 1187 1200 1252 ad
1222 1186 1298 1252 alios
1322 1191 1427 1254 trans·

220 1304 330 1384 ferant,
353 1304 511 1389 accipiunt
533 1321 667 1382 rursum,
705 1302 741 1366 ut
764 1299 867 1365 ablata
891 1300 940 1365 vei
963 1299 1115 1364 translata
1137 1298 1321 1377 restituaut;
1345 1299 1427 1364 acci·

220 1417 319 1502 piuut,
354 1419 389 1481 ut
420 1416 491 1482 aliis
513 1413 665 1494 auferant,
699 1411 857 1497 accipiunt
879 1414 915 1476 ut
937 1409 1043 1475 ablata
1076 1409 1157 1475 aliis·
1181 1407 1241 1473 sibi
1263 1407 1427 1475 retineant.

220 1527 388 1612 Accipiunt
409 1527 574 1612 pecuniam
596 1507 660 1591 non
683 1528 720 1590 ut
742 1525 779 1589 de
802 1541 857 1589 suo
873 1521 1015 1588 tribuant
1029 1522 1079 1588 vel
1095 1522 1132 1588 de
1148 1539 1204 1588 suo
1216 1519 1287 1603 jure
1303 1522 1424 1602 cedant,

220 1641 302 1705 sicut
323 1640 404 1704 inter
426 1637 593 1703 vendentes
616 1639 649 1700 et
670 1636 808 1698 ementes
831 1650 899 1698 mos
923 1636 981 1714 est,
1020 1634 1074 1698 sed
1096 1633 1261 1719 accipiunt,
1287 1637 1324 1699 ut
1345 1635 1427 1700 acci·

220 1751 316 1834 piant,
349 1753 386 1815 ut
407 1748 556 1814 terminos
578 1747 774 1830 episcopatus
797 1744 844 1810 sui
868 1743 1051 1824 extendant,
1085 1749 1121 1812 ut
1155 1747 1285 1812 domum
1319 1745 1428 1812 domui

216 1861 352 1946 jungant
374 1864 405 1926 et
428 1859 515 1944 quasi
549 1859 609 1924 soli
641 1857 703 1942 ipsi
727 1855 871 1922 habitant
892 1855 924 1920 in
947 1859 1040 1922 terra.
1085 1857 1262 1943 Accipiunt,
1285 1857 1426 1942 inquam,

221 1975 257 2037 ut
277 1972 441 2057 accipiant,
465 1971 621 2054 accipiunt
644 1971 716 2056 quia
737 1972 932 2054 acceperunt.
969 2003 1008 2014 -
1043 1970 1103 2038 Sed
1126 1972 1202 2037 dum
1225 1971 1330 2038 omnia
1344 1969 1428 2038 vhaec

221 2083 260 2147 ad
282 2083 448 2166 imperium
481 2082 629 2148 avaritiae
661 2081 746 2146 facta
778 2079 896 2145 tuerint
928 2080 1030 2148 adhuc
1066 2081 1237 2168 accipiendi
1269 2082 1352 2166 apud
1374 2101 1427 2148 eos

222 2195 308 2260 locus
333 2197 391 2259 est.
413 2191 486 2258 Nou
509 2194 547 2258 de
569 2192 715 2259 omnibus
738 2196 846 2258 tamen
868 2193 913 2258 eis
933 2192 1012 2260 dico.

321 2303 419 2369 Novit
440 2303 524 2370 enim
545 2305 699 2370 Dominus
736 2303 831 2369 ctiam
865 2304 947 2388 apud
979 2323 1032 2370 eos
1068 2323 1145 2390 quos
1167 2305 1306 2391 elegerit,
1339 2305 1428 2372 nov'it

223 2416 275 2499 qui
313 2420 387 2481 sunt
423 2415 501 2499 eiua,
540 2419 572 2482 et
608 2414 747 2483 discedet
783 2414 823 2480 ab
858 2415 1024 2501 iniquitate
1061 2415 1174 2496 omnis,
1214 2417 1267 2501 qui
1304 2417 1430 2483 invocat

222 2545 335 2618 nomen
371 2526 508 2593 Domini.
554 2527 644 2611 Quod
681 2527 776 2592 etiam
813 2527 1010 2612 signaculum
1047 2525 1114 2610 eJ'us
1152 2527 1281 2595 firmum
1318 2528 1425 2596 stabit.

223 2635 324 2704 Novit
359 2637 390 2702 in
427 2655 499 2704 area
522 2638 662 2704 triticum
694 2637 776 2704 inter
808 2638 923 2722 paleas,
946 2639 1069 2722 paleam
1103 2658 1175 2705 cum
1196 2639 1304 2706 tritico
1329 2659 1429 2724 nsque

222 2751 261 2816 ad
297 2748 506 2815 ventilabrum
542 2750 686 2817 tolerare.
752 2749 797 2816 At
832 2749 910 2815 illud
947 2748 1156 2816 ventilabrum
1193 2754 1268 2817 tunc
1312 2751 1430 2818 instare

222 2862 330 2948 paleae
354 2860 444 2926 valde
476 2860 710 2927 formidandum
744 2864 802 2941 est,
847 2862 968 2945 quaudo
993 2881 1029 2928 ex
1051 2866 1208 2929 crescente
1242 2881 1371 2930 numero
1394 2881 1431 2930 ac

222 2973 363 3060 potentia
396 2990 614 3058 perversorum
648 2972 681 3036 in
714 2988 786 3037 area
818 2972 945 3038 Domini
983 2991 1154 3057 granorum
1175 2976 1263 3068 muta
1286 2977 1334 3040 cst
1351 2992 1432 3060 pau·

224 3085 301 3151 citas
325 3088 358 3150 et
378 3073 554 3163 infirmitas,
576 3087 613 3147 ut
635 3083 708 3163 sint,
746 3082 835 3167 quasi
857 3100 918 3148 non
941 3083 1005 3148 sint
1027 3087 1059 3149 et
1080 3083 1214 3150 maxime
1236 3103 1309 3152 cum
1331 3104 1431 3169 usque

222 3196 262 3262 ad
284 3195 386 3262 coelos
409 3193 441 3259 id
464 3196 513 3259 est
535 3211 634 3277 usque
656 3194 697 3259 ad
716 3194 893 3260 sacerdotes
908 3194 1046 3276 Domini,
1064 3215 1197 3283 quorum
1213 3201 1280 3262 crat
1297 3196 1431 3264 aliorum

96 3393 99 3400 Ι
223 3309 325 3372 errata
346 3306 500 3391 corrigere
521 3322 558 3370 ac
580 3322 636 3389 pro
659 3304 911 3389 delinquentibus
933 3325 1078 3389 exorare,
1101 3311 1230 3394 peccata
1252 3308 1430 3375 venalitatis

224 3417 423 3484 excreverint.
467 3415 556 3482 Unde
578 3415 625 3481 vir
645 3415 778 3482 illustris
802 3420 834 3483 et
855 3420 947 3483 notae
981 3418 1127 3485 scientiae
1165 3436 1202 3487 cc
1224 3418 1297 3485 fidei
1319 3417 1430 3487 beatus

224 3527 433 3613 Hieronymus
448 3527 552 3593 locum
567 3527 656 3592 illum
671 3527 703 3592 iu
718 3525 862 3594 Michaea
876 3530 1088 3611 pertractans:
1112 3529 1324 3614 principes
1340 3527 1430 3613 ojus

225 3618 263 3706 in
285 3639 545 3724 muneribus1)
564 3638 810 3723 judicabant
833 3641 868 3704 et
890 3639 1132 3706 sacerdotes
1155 3639 1240 3726 ejus
1262 3642 1305 3706 in
1327 3659 1433 3708 mer·

226 3752 319 3818 cede
352 3750 547 3819 docebant
569 3755 608 3818 et
629 3750 854 3837 prophetae
887 3749 979 3835 ejus
1000 3750 1040 3816 in
1062 3753 1238 3837 pecunia
1272 3752 1432 3818 diviua·

226 3860 737 3950 bautetsuperDomiuum
759 3861 1071 3948 requiescebant
1094 3863 1296 3930 dicentes:
1320 3882 1431 3930 num·

227 3974 318 4057 quid
353 3974 645 4041 nouDominus
681 3975 722 4040 in
756 3972 882 4040 medio
919 3976 1117 4056 nostrum,
1155 3993 1231 4042 non
1268 3976 1432 4060 venient

226 4103 344 4168 super
377 4103 448 4150 nos
472 4088 571 4152 mala
613 4086 936 4173 propterhae02)
970 4105 1094 4155 causa
1126 4088 1300 4176 nostri³)
1335 4089 1433 4159 Sion

330 4351 347 4420 1)
371 4353 452 4408 uren.
472 4315 499 4406 Ι3.
523 4353 564 4407 r1.

328 4451 349 4521 ¹)
368 4453 446 4518 Vulg.
465 4453 530 4514 boc;

327 4554 348 4616 ⁸)
370 4551 449 4618 Vulg.
469 4554 563 4615 vestri3
