3158 5212
251 422 291 488 78

249 595 339 678 Quod
360 595 437 659 item
458 598 491 662 in
513 597 693 682 apocalypsi
714 598 846 665 Joannis
869 598 1005 663 mirabili
1027 591 1144 665 visione
1167 601 1456 682 praemonstratum

250 709 307 772 est.
345 705 431 771 Nam
457 705 539 770 siout
567 704 632 771 illio
659 709 761 787 draco,
800 726 891 790 quem
915 707 1074 774 diabolum
1096 708 1310 793 intelligimus,
1346 709 1454 775 emisit

249 819 287 883 de
309 836 362 884 oro
385 837 452 897 suo,
476 816 560 900 quod
581 816 730 881 nimirum
754 835 788 882 os
802 821 868 882 erat
883 818 978 884 Arius
993 835 1136 898 vesanus,
1160 836 1274 902 aquam
1287 822 1453 903 tamquam

258 930 411 1012 flumen1)
433 929 453 993 i.
477 945 503 992 9.
528 926 701 993 doctrinam
722 927 919 1008 haereticam,
947 930 984 993 ut
1004 928 1168 995 mulierem
1189 929 1332 996 videlicet
1355 930 1455 996 aeole-

252 1041 331 1106 siam
356 1059 434 1125 quae
455 1057 510 1122 per
532 1037 625 1112 fidem
647 1055 737 1102 suam
759 1041 920 1122 pepererat
950 1041 1134 1118 masculum,
1168 1038 1338 1118 Christum,
1369 1039 1454 1104 trahi

253 1150 548 1230 faeeretaflumine‚
571 1149 625 1214 sed
646 1151 739 1229 terra,
767 1149 916 1214 nimirum
940 1150 1078 1230 eeclesia
1102 1151 1135 1214 iu
1150 1149 1287 1215 Nicaeae
1312 1150 1451 1217 Concilio

249 1265 437 1347 congregata
458 1261 582 1346 aperuit
604 1278 638 1324 os
661 1279 753 1325 suum
776 1263 807 1326 ct
828 1259 990 1328 absorbuit
1011 1260 1136 1342 flumas,
1168 1262 1342 1326 damnando
1364 1261 1449 1326 ride-

247 1374 321 1440 licet
332 1372 515 1457 pestiferum
527 1370 595 1436 Arii
609 1370 744 1456 dogma:
768 1372 812 1436 119
834 1377 866 1439 91
888 1374 992 1438 Aman
1014 1374 1099 1439 volut
1123 1373 1249 1457 quidam
1271 1372 1340 1438 Arii
1362 1391 1453 1457 prae·

249 1485 394 1550 ambulas
423 1483 598 1568 pessimum
629 1483 666 1547 de
696 1484 787 1548 corde
814 1488 845 1550 et
867 1503 919 1550 ore
949 1504 1004 1550 suo
1029 1485 1133 1550 emisit
1156 1483 1322 1550 consilium
1344 1487 1453 1550 eontra

249 1596 379 1660 eandem
402 1597 530 1678 gentem
568 1595 606 1658 de
628 1611 690 1676 qua
711 1595 870 1659 masculus
892 1595 945 1660 illc
967 1598 1109 1660 recturus
1131 1599 1241 1679 gentes
1264 1594 1451 1680 sperabatur

247 1704 382 1786 lutums,
406 1712 556 1793 quatenus
581 1723 616 1769 99
638 1704 773 1769 extincta
796 1704 913 1772 Christi
934 1704 1138 1789 impediretur
1161 1704 1322 1786 adventus,
1346 1706 1401 1771 sed
1417 1709 1452 1772 ot

247 1821 322 1882 tunc
345 1817 434 1900 quasi
462 1820 545 1881 terra
574 1834 608 1880 os
637 1834 728 1880 suum
751 1815 883 1900 aperuit,
918 1817 1040 1899 quando
1074 1815 1182 1900 regina
1213 1814 1329 1880 Esther
1349 1815 1451 1899 primo

248 1926 288 1992 ad
309 1928 412 1992 Deum
435 1926 627 1992 orationibus
643 1927 751 1991 deinde
775 1945 896 2009 quoque
918 1927 1002 2010 apud
1016 1945 1124 2010 regem
1138 1927 1354 1993 intercedendo
1373 1928 1448 2012 egit,

249 2041 399 2121 quatenus
434 2038 598 2104 eonsilium
633 2038 735 2102 Amen
771 2038 946 2120 pessimum
973 2038 1006 2102 11
1028 2041 1121 2121 caput
1142 2037 1240 2122 ipsius
1263 2040 1451 2105 redundaret

247 2150 278 2212 91
291 2168 375 2232 ,gens
398 2149 451 2213 illa
473 2148 564 2213 unioa
586 2149 635 2213 vel
657 2147 758 2228 arbor,
782 2148 819 2212 de
843 2167 903 2231 qua
925 2149 1046 2214 fructus
1070 2148 1181 2214 salutis
1201 2149 1449 2232 exspectabatur,

247 2260 332 2324 salva
353 2262 560 2345 permaneret.
596 2260 638 2323 Et
658 2259 703 2324 ibi
727 2259 852 2343 quidem
873 2261 969 2344 gladii
991 2261 1030 2324 ad
1052 2260 1245 2327 Judaeorum
1267 2277 1357 2324 neces
1381 2277 1453 2325 cor-

246 2370 367 2453 porales
388 2369 586 2455 parabantur,
614 2369 665 2433 hio
692 2387 763 2436 vero
790 2369 915 2452 linguae
943 2369 1171 2436 haereticorum
1197 2368 1379 2436 machaerae
1400 2369 1451 2435 ni-

246 2479 362 2546 mirum
377 2482 486 2546 acutae
500 2481 539 2544 ad
551 2479 779 2547 interficiendas
796 2480 916 2546 animas
928 2481 1138 2547 exerebantur.
1161 2479 1203 2545 ut
1217 2479 1300 2547 sieut
1312 2482 1449 2566 legimus

245 2610 334 2677 reges
365 2593 516 2676 quosdam
545 2611 581 2657 ox
609 2592 738 2657 oonsilio
761 2592 989 2657 haereticorum
1011 2592 1195 2676 depravatos
1219 2593 1326 2656 contra
1348 2590 1449 2656 99919-

247 2703 326 2768 siam
348 2702 543 2782 desaeviisse,
574 2702 619 2768 ita
649 2706 775 2768 econtra
796 2703 930 2788 legimus
960 2702 1112 2788 sapientia
1130 2702 1271 2767 vincente
1294 2701 1450 2768 malitiam

247 2814 419 2879 haereticos
443 2831 553 2898 regum
575 2813 841 2879 animadversione
862 2814 1037 2895 damnatos,
1061 2814 1152 2898 quod,
1170 2795 1216 2880 'ut
1242 2811 1385 2891 diximus,
1416 2811 1451 2876 in

246 2923 351 2994 Aman
372 2923 493 2988 malitia
522 2923 616 2987 simul
644 2927 675 2988 91
697 2924 896 2989 damnatione
919 2927 950 2989 ot
972 2923 1004 2989 in
1026 2925 1152 3008 reginae
1174 2923 1289 2990 Ilsthcr
1310 2921 1450 3005 pruden-

246 3035 290 3100 tia
311 3054 348 3101 ae
370 3032 570 3101 Mardochaei
593 3033 802 3100 sollicitudine
822 3053 959 3119 congruo
980 3035 1226 3121 praefiguratum
1248 3036 1305 3100 est.

681 3476 791 3543 cap.
809 3473 1013 3530 XXXVI.

608 3599 654 3665 De
677 3598 931 3668 dimensionibus
953 3599 1076 3687 templi.

341 3787 471 3852 Interim
505 3804 577 3850 vero
613 3785 759 3870 pensanti
791 3787 868 3851 mihi
902 3787 1109 3852 dimensiones
1144 3787 1274 3873 templi,
1312 3805 1389 3871 quae
1424 3806 1444 3853 a

243 3896 368 3982 regibus
391 3897 470 3980 Cyro
494 3899 525 3963 ct
546 3897 640 3962 Dario
672 3897 886 3982 captivitatem
913 3897 1121 3964 relaxantibus
1145 3899 1444 3981 constituissem,

244 4012 409 4094 suspectus
439 4012 487 4074 est
515 4009 548 4072 in
570 4007 733 4076 altitudine
762 4027 798 4074 99
827 4009 992 4074 1911111119
1022 4027 1245 4094 sexagenorum
1268 4009 1446 4077 cubitorum

243 4109 403 4188 numerus.
439 4121 489 4188 Sic
512 4121 595 4186 enim
617 4122 686 4206 ipsa
710 4121 781 4204 Cyri
812 4121 969 4187 concessio
993 4121 1109 4202 scripta
1131 4120 1269 4186 eontinet
1291 4120 1372 4186 11191
1395 4139 1447 4188 99-

244 4237 327 4298 tera:
357 4234 392 4297 et
421 4235 461 4296 ut
490 4237 639 4316 ponant
668 4232 924 4297 fundamenta
948 4231 1241 4315 subportantia
1263 4232 1450 4299 altitudi-

243 4364 328 4410 nem
362 4343 588 4410 eubitorum
628 4344 833 4428 sexaginta
862 4346 900 4406 et
931 4343 1190 4410 latitudinem
1213 4341 1450 4407 cubitorum

346 4559 365 4626 ¹)
386 4557 466 4626 Apoc.
488 4556 531 4610 12.
552 4554 596 4610 15.
