<?xml version="1.0" encoding="UTF-8"?>
<!DOCTYPE html PUBLIC "-//W3C//DTD XHTML 1.0 Transitional//EN"
    "http://www.w3.org/TR/xhtml1/DTD/xhtml1-transitional.dtd">
<html xmlns="http://www.w3.org/1999/xhtml" xml:lang="en" lang="en">
 <head>
  <title>
</title>
<meta http-equiv="Content-Type" content="text/html;charset=utf-8" />
  <meta name='ocr-system' content='tesseract 3.04.00' />
  <meta name='ocr-capabilities' content='ocr_page ocr_carea ocr_par ocr_line ocrx_word'/>
</head>
<body>
  <div class='ocr_page' id='page_1' title='image "./operahactenusin00schegoog_0383.png"; bbox 0 0 3168 5214; ppageno 0'>
   <div class='ocr_carea' id='block_1_1' title="bbox 254 391 317 456">
    <p class='ocr_par' dir='ltr' id='par_1_1' title="bbox 254 391 317 456">
     <span class='ocr_line' id='line_1_1' title="bbox 254 391 317 456; baseline 0.032 -2"><span class='ocrx_word' id='word_1_1' title='bbox 254 391 317 456; x_wconf 87' lang='grc'>368</span> 
     </span>
    </p>
   </div>
   <div class='ocr_carea' id='block_1_2' title="bbox 184 547 1558 4323">
    <p class='ocr_par' dir='ltr' id='par_1_2' title="bbox 207 547 1555 2200">
     <span class='ocr_line' id='line_1_2' title="bbox 252 547 1466 642; baseline -0.014 -14"><span class='ocrx_word' id='word_1_2' title='bbox 252 562 377 628; x_wconf 81' lang='lat' dir='ltr'>Etenim</span> <span class='ocrx_word' id='word_1_3' title='bbox 400 557 579 624; x_wconf 74' lang='lat' dir='ltr'>sodomitae</span> <span class='ocrx_word' id='word_1_4' title='bbox 601 557 742 642; x_wconf 88' lang='lat' dir='ltr'>quamvis</span> <span class='ocrx_word' id='word_1_5' title='bbox 764 554 919 621; x_wconf 83' lang='lat' dir='ltr'>immundi</span> <span class='ocrx_word' id='word_1_6' title='bbox 941 571 977 618; x_wconf 88' lang='lat' dir='ltr'>ae</span> <span class='ocrx_word' id='word_1_7' title='bbox 999 553 1139 638; x_wconf 83' lang='lat' dir='ltr'>protervi</span> <span class='ocrx_word' id='word_1_8' title='bbox 1164 549 1321 618; x_wconf 78' lang='lat' dir='ltr'>extIterint</span> <span class='ocrx_word' id='word_1_9' title='bbox 1336 547 1466 631; x_wconf 85' lang='lat' dir='ltr'>vimque</span> 
     </span>
     <span class='ocr_line' id='line_1_3' title="bbox 252 661 1463 754; baseline -0.013 -15"><span class='ocrx_word' id='word_1_10' title='bbox 252 673 335 739; x_wconf 83' lang='lat' dir='ltr'>Loth</span> <span class='ocrx_word' id='word_1_11' title='bbox 358 670 631 737; x_wconf 90' lang='lat' dir='ltr'>vehementissime</span> <span class='ocrx_word' id='word_1_12' title='bbox 653 668 784 734; x_wconf 82' lang='lat' dir='ltr'>fecerint</span> <span class='ocrx_word' id='word_1_13' title='bbox 806 669 944 732; x_wconf 88' lang='lat' dir='ltr'>volentes</span> <span class='ocrx_word' id='word_1_14' title='bbox 968 663 1089 730; x_wconf 88' lang='lat' dir='ltr'>duobus</span> <span class='ocrx_word' id='word_1_15' title='bbox 1113 665 1175 729; x_wconf 90' lang='lat' dir='ltr'>illis</span> <span class='ocrx_word' id='word_1_16' title='bbox 1209 663 1282 729; x_wconf 88' lang='lat' dir='ltr'>viris</span> <span class='ocrx_word' id='word_1_17' title='bbox 1319 661 1463 754; x_wconf 79' lang='lat' dir='ltr'>illudere,</span> 
     </span>
     <span class='ocr_line' id='line_1_4' title="bbox 253 774 1553 863; baseline -0.012 -14"><span class='ocrx_word' id='word_1_18' title='bbox 253 789 358 849; x_wconf 90' lang='lat' dir='ltr'>tamen</span> <span class='ocrx_word' id='word_1_19' title='bbox 380 800 491 848; x_wconf 87' lang='lat' dir='ltr'>manus</span> <span class='ocrx_word' id='word_1_20' title='bbox 516 780 560 847; x_wconf 92' lang='lat' dir='ltr'>eis</span> <span class='ocrx_word' id='word_1_21' title='bbox 582 799 645 846; x_wconf 92' lang='lat' dir='ltr'>non</span> <span class='ocrx_word' id='word_1_22' title='bbox 667 778 840 863; x_wconf 78' lang='lat' dir='ltr'>injecerunt</span> <span class='ocrx_word' id='word_1_23' title='bbox 862 795 918 842; x_wconf 86' lang='lat' dir='ltr'>nee</span> <span class='ocrx_word' id='word_1_24' title='bbox 940 774 1084 843; x_wconf 87' lang='lat' dir='ltr'>manibus</span> <span class='ocrx_word' id='word_1_25' title='bbox 1119 777 1220 841; x_wconf 79' lang='lat' dir='ltr'>scelus</span> <span class='ocrx_word' id='word_1_26' title='bbox 1259 775 1370 839; x_wconf 82' lang='lat' dir='ltr'>eontra</span> <span class='ocrx_word' id='word_1_27' title='bbox 1406 788 1465 835; x_wconf 87' lang='lat' dir='ltr'>ne·</span> <span class='ocrx_word' id='word_1_28' title='bbox 1552 857 1553 860; x_wconf 8' lang='grc' dir='ltr'><strong>Ἴ</strong></span> 
     </span>
     <span class='ocr_line' id='line_1_5' title="bbox 254 883 1468 977; baseline -0.014 -14"><span class='ocrx_word' id='word_1_29' title='bbox 254 900 357 963; x_wconf 88' lang='lat' dir='ltr'>turam</span> <span class='ocrx_word' id='word_1_30' title='bbox 380 895 413 959; x_wconf 92' lang='lat' dir='ltr'>in</span> <span class='ocrx_word' id='word_1_31' title='bbox 435 911 489 958; x_wconf 89' lang='lat' dir='ltr'>eos</span> <span class='ocrx_word' id='word_1_32' title='bbox 511 895 708 977; x_wconf 84' lang='lat' dir='ltr'>peregerunt,</span> <span class='ocrx_word' id='word_1_33' title='bbox 733 911 767 956; x_wconf 90' lang='lat' dir='ltr'>eo</span> <span class='ocrx_word' id='word_1_34' title='bbox 792 890 875 974; x_wconf 91' lang='lat' dir='ltr'>quod</span> <span class='ocrx_word' id='word_1_35' title='bbox 909 887 1055 972; x_wconf 79' lang='lat' dir='ltr'>percussi</span> <span class='ocrx_word' id='word_1_36' title='bbox 1079 884 1229 952; x_wconf 80' lang='lat' dir='ltr'>coecitate</span> <span class='ocrx_word' id='word_1_37' title='bbox 1263 883 1381 950; x_wconf 92' lang='lat' dir='ltr'>ostium</span> <span class='ocrx_word' id='word_1_38' title='bbox 1415 883 1468 947; x_wconf 89' lang='lat' dir='ltr'>in·</span> 
     </span>
     <span class='ocr_line' id='line_1_6' title="bbox 254 996 1467 1087; baseline -0.011 -16"><span class='ocrx_word' id='word_1_39' title='bbox 254 1007 359 1073; x_wconf 89' lang='lat' dir='ltr'>venire</span> <span class='ocrx_word' id='word_1_40' title='bbox 380 1023 443 1070; x_wconf 93' lang='lat' dir='ltr'>non</span> <span class='ocrx_word' id='word_1_41' title='bbox 465 1002 652 1087; x_wconf 89' lang='lat' dir='ltr'>potuissent,</span> <span class='ocrx_word' id='word_1_42' title='bbox 674 1001 727 1086; x_wconf 88' lang='lat' dir='ltr'>qui</span> <span class='ocrx_word' id='word_1_43' title='bbox 748 1003 854 1065; x_wconf 86' lang='lat' dir='ltr'>temen</span> <span class='ocrx_word' id='word_1_44' title='bbox 876 998 1080 1064; x_wconf 89' lang='lat' dir='ltr'>nihilominus</span> <span class='ocrx_word' id='word_1_45' title='bbox 1113 1015 1133 1062; x_wconf 92' lang='lat' dir='ltr'>a</span> <span class='ocrx_word' id='word_1_46' title='bbox 1154 996 1290 1062; x_wconf 91' lang='lat' dir='ltr'>Domino</span> <span class='ocrx_word' id='word_1_47' title='bbox 1326 997 1362 1060; x_wconf 90' lang='lat' dir='ltr'>in</span> <span class='ocrx_word' id='word_1_48' title='bbox 1398 1012 1467 1058; x_wconf 93' lang='lat' dir='ltr'>mo·</span> 
     </span>
     <span class='ocr_line' id='line_1_7' title="bbox 255 1107 1467 1195; baseline -0.011 -12"><span class='ocrx_word' id='word_1_49' title='bbox 255 1120 360 1183; x_wconf 90' lang='lat' dir='ltr'>mento</span> <span class='ocrx_word' id='word_1_50' title='bbox 385 1113 527 1181; x_wconf 83' lang='lat' dir='ltr'><strong>subversi</strong></span> <span class='ocrx_word' id='word_1_51' title='bbox 550 1118 633 1180; x_wconf 85' lang='lat' dir='ltr'>sunt.</span> <span class='ocrx_word' id='word_1_52' title='bbox 678 1115 724 1178; x_wconf 91' lang='lat' dir='ltr'>At</span> <span class='ocrx_word' id='word_1_53' title='bbox 746 1131 818 1177; x_wconf 87' lang='lat' dir='ltr'>vero</span> <span class='ocrx_word' id='word_1_54' title='bbox 855 1111 1100 1195; x_wconf 71' lang='lat' dir='ltr'>ierosolymitae</span> <span class='ocrx_word' id='word_1_55' title='bbox 1132 1110 1163 1175; x_wconf 94' lang='lat' dir='ltr'>in</span> <span class='ocrx_word' id='word_1_56' title='bbox 1200 1107 1375 1173; x_wconf 90' lang='lat' dir='ltr'>Dominum</span> <span class='ocrx_word' id='word_1_57' title='bbox 1408 1124 1467 1170; x_wconf 93' lang='lat' dir='ltr'>an·</span> 
     </span>
     <span class='ocr_line' id='line_1_8' title="bbox 255 1221 1469 1314; baseline -0.01 -20"><span class='ocrx_word' id='word_1_58' title='bbox 255 1230 398 1314; x_wconf 84' lang='lat' dir='ltr'>gelorum</span> <span class='ocrx_word' id='word_1_59' title='bbox 421 1229 453 1294; x_wconf 93' lang='lat' dir='ltr'>et</span> <span class='ocrx_word' id='word_1_60' title='bbox 474 1225 698 1312; x_wconf 92' lang='lat' dir='ltr'>prophetarum</span> <span class='ocrx_word' id='word_1_61' title='bbox 721 1225 822 1292; x_wconf 91' lang='lat' dir='ltr'>soelus</span> <span class='ocrx_word' id='word_1_62' title='bbox 845 1223 990 1290; x_wconf 90' lang='lat' dir='ltr'>manibus</span> <span class='ocrx_word' id='word_1_63' title='bbox 1028 1223 1123 1289; x_wconf 91' lang='lat' dir='ltr'>etiam</span> <span class='ocrx_word' id='word_1_64' title='bbox 1158 1224 1355 1306; x_wconf 86' lang='lat' dir='ltr'>peregerunt,</span> <span class='ocrx_word' id='word_1_65' title='bbox 1390 1221 1469 1286; x_wconf 92' lang='lat' dir='ltr'>dum</span> 
     </span>
     <span class='ocr_line' id='line_1_9' title="bbox 256 1331 1466 1422; baseline -0.006 -20"><span class='ocrx_word' id='word_1_66' title='bbox 256 1339 284 1403; x_wconf 93' lang='lat' dir='ltr'>ei</span> <span class='ocrx_word' id='word_1_67' title='bbox 317 1338 468 1422; x_wconf 85' lang='lat' dir='ltr'>crapulati</span> <span class='ocrx_word' id='word_1_68' title='bbox 501 1342 533 1403; x_wconf 89' lang='lat' dir='ltr'>et</span> <span class='ocrx_word' id='word_1_69' title='bbox 564 1336 642 1402; x_wconf 83' lang='lat' dir='ltr'>ebrii</span> <span class='ocrx_word' id='word_1_70' title='bbox 675 1339 742 1402; x_wconf 88' lang='lat' dir='ltr'>tote</span> <span class='ocrx_word' id='word_1_71' title='bbox 775 1337 829 1402; x_wconf 92' lang='lat' dir='ltr'>ille</span> <span class='ocrx_word' id='word_1_72' title='bbox 851 1337 944 1401; x_wconf 89' lang='lat' dir='ltr'>noete</span> <span class='ocrx_word' id='word_1_73' title='bbox 977 1333 1117 1418; x_wconf 79' lang='lat' dir='ltr'>paschali</span> <span class='ocrx_word' id='word_1_74' title='bbox 1152 1333 1320 1398; x_wconf 90' lang='lat' dir='ltr'>illuserunt</span> <span class='ocrx_word' id='word_1_75' title='bbox 1349 1331 1466 1398; x_wconf 84' lang='lat' dir='ltr'>faeiem</span> 
     </span>
     <span class='ocr_line' id='line_1_10' title="bbox 257 1443 1469 1534; baseline -0.006 -20"><span class='ocrx_word' id='word_1_76' title='bbox 257 1448 324 1532; x_wconf 92' lang='lat' dir='ltr'>ejus</span> <span class='ocrx_word' id='word_1_77' title='bbox 348 1451 488 1516; x_wconf 88' lang='lat' dir='ltr'>velantes</span> <span class='ocrx_word' id='word_1_78' title='bbox 511 1453 606 1534; x_wconf 89' lang='lat' dir='ltr'>atque</span> <span class='ocrx_word' id='word_1_79' title='bbox 628 1448 728 1534; x_wconf 85' lang='lat' dir='ltr'>alapis</span> <span class='ocrx_word' id='word_1_80' title='bbox 751 1467 823 1514; x_wconf 92' lang='lat' dir='ltr'>eum</span> <span class='ocrx_word' id='word_1_81' title='bbox 845 1448 1018 1528; x_wconf 82' lang='lat' dir='ltr'>caedentes,</span> <span class='ocrx_word' id='word_1_82' title='bbox 1031 1447 1065 1510; x_wconf 90' lang='lat' dir='ltr'>in</span> <span class='ocrx_word' id='word_1_83' title='bbox 1086 1444 1199 1511; x_wconf 83' lang='lat' dir='ltr'>faeiem</span> <span class='ocrx_word' id='word_1_84' title='bbox 1221 1443 1288 1528; x_wconf 90' lang='lat' dir='ltr'>ejus</span> <span class='ocrx_word' id='word_1_85' title='bbox 1323 1461 1469 1508; x_wconf 88' lang='lat' dir='ltr'>reveren·</span> 
     </span>
     <span class='ocr_line' id='line_1_11' title="bbox 256 1556 1555 1647; baseline -0.006 -21"><span class='ocrx_word' id='word_1_86' title='bbox 256 1561 329 1626; x_wconf 89' lang='lat' dir='ltr'>dam</span> <span class='ocrx_word' id='word_1_87' title='bbox 353 1565 446 1647; x_wconf 88' lang='lat' dir='ltr'>sputa</span> <span class='ocrx_word' id='word_1_88' title='bbox 470 1580 528 1627; x_wconf 88' lang='lat' dir='ltr'>sue</span> <span class='ocrx_word' id='word_1_89' title='bbox 551 1559 724 1626; x_wconf 84' lang='lat' dir='ltr'>foedissimi</span> <span class='ocrx_word' id='word_1_90' title='bbox 745 1557 915 1624; x_wconf 87' lang='lat' dir='ltr'>nebulones</span> <span class='ocrx_word' id='word_1_91' title='bbox 946 1557 1096 1642; x_wconf 83' lang='lat' dir='ltr'>jacentes.</span> <span class='ocrx_word' id='word_1_92' title='bbox 1141 1557 1182 1622; x_wconf 81' lang='lat' dir='ltr'>Et</span> <span class='ocrx_word' id='word_1_93' title='bbox 1214 1556 1367 1640; x_wconf 88' lang='lat' dir='ltr'>numquid</span> <span class='ocrx_word' id='word_1_94' title='bbox 1403 1574 1467 1620; x_wconf 90' lang='lat' dir='ltr'>non</span> <span class='ocrx_word' id='word_1_95' title='bbox 1554 1589 1555 1608; x_wconf 54' lang='lat' dir='ltr'>r</span> 
     </span>
     <span class='ocr_line' id='line_1_12' title="bbox 256 1666 1469 1756; baseline -0.004 -20"><span class='ocrx_word' id='word_1_96' title='bbox 256 1671 357 1756; x_wconf 89' lang='lat' dir='ltr'>major</span> <span class='ocrx_word' id='word_1_97' title='bbox 379 1673 455 1740; x_wconf 85' lang='lat' dir='ltr'>haee</span> <span class='ocrx_word' id='word_1_98' title='bbox 478 1671 539 1738; x_wconf 91' lang='lat' dir='ltr'>fuit</span> <span class='ocrx_word' id='word_1_99' title='bbox 560 1671 708 1756; x_wconf 86' lang='lat' dir='ltr'>iniquitas</span> <span class='ocrx_word' id='word_1_100' title='bbox 730 1673 859 1755; x_wconf 80' lang='lat' dir='ltr'>peceato</span> <span class='ocrx_word' id='word_1_101' title='bbox 884 1669 1118 1735; x_wconf 80' lang='lat' dir='ltr'>Sodomorum?</span> <span class='ocrx_word' id='word_1_102' title='bbox 1146 1666 1230 1732; x_wconf 88' lang='lat' dir='ltr'>Nem</span> <span class='ocrx_word' id='word_1_103' title='bbox 1252 1669 1317 1735; x_wconf 90' lang='lat' dir='ltr'>illie</span> <span class='ocrx_word' id='word_1_104' title='bbox 1340 1667 1469 1753; x_wconf 91' lang='lat' dir='ltr'>quidem</span> 
     </span>
     <span class='ocr_line' id='line_1_13' title="bbox 256 1780 1467 1868; baseline -0.005 -20"><span class='ocrx_word' id='word_1_105' title='bbox 256 1784 318 1849; x_wconf 91' lang='lat' dir='ltr'>duo</span> <span class='ocrx_word' id='word_1_106' title='bbox 341 1784 443 1868; x_wconf 86' lang='lat' dir='ltr'>angeli</span> <span class='ocrx_word' id='word_1_107' title='bbox 464 1783 642 1849; x_wconf 86' lang='lat' dir='ltr'>inhonorati</span> <span class='ocrx_word' id='word_1_108' title='bbox 663 1784 739 1847; x_wconf 91' lang='lat' dir='ltr'>sunt</span> <span class='ocrx_word' id='word_1_109' title='bbox 761 1782 815 1848; x_wconf 91' lang='lat' dir='ltr'>sed</span> <span class='ocrx_word' id='word_1_110' title='bbox 837 1798 949 1846; x_wconf 85' lang='lat' dir='ltr'>manus</span> <span class='ocrx_word' id='word_1_111' title='bbox 971 1780 1169 1864; x_wconf 90' lang='lat' dir='ltr'>iniquitatem</span> <span class='ocrx_word' id='word_1_112' title='bbox 1190 1781 1467 1865; x_wconf 82' lang='lat' dir='ltr'>nonperegemnt3</span> 
     </span>
     <span class='ocr_line' id='line_1_14' title="bbox 258 1891 1471 1979; baseline -0.002 -21"><span class='ocrx_word' id='word_1_113' title='bbox 258 1894 309 1960; x_wconf 88' lang='lat' dir='ltr'>hie</span> <span class='ocrx_word' id='word_1_114' title='bbox 332 1912 405 1960; x_wconf 86' lang='lat' dir='ltr'>vero</span> <span class='ocrx_word' id='word_1_115' title='bbox 427 1895 460 1959; x_wconf 91' lang='lat' dir='ltr'>in</span> <span class='ocrx_word' id='word_1_116' title='bbox 482 1911 545 1960; x_wconf 89' lang='lat' dir='ltr'>une</span> <span class='ocrx_word' id='word_1_117' title='bbox 566 1894 626 1959; x_wconf 90' lang='lat' dir='ltr'>Dei</span> <span class='ocrx_word' id='word_1_118' title='bbox 649 1895 681 1959; x_wconf 93' lang='lat' dir='ltr'>et</span> <span class='ocrx_word' id='word_1_119' title='bbox 701 1891 837 1958; x_wconf 90' lang='lat' dir='ltr'>hominis</span> <span class='ocrx_word' id='word_1_120' title='bbox 858 1910 994 1979; x_wconf 87' lang='lat' dir='ltr'>persone</span> <span class='ocrx_word' id='word_1_121' title='bbox 1015 1893 1101 1957; x_wconf 89' lang='lat' dir='ltr'>Deus</span> <span class='ocrx_word' id='word_1_122' title='bbox 1135 1895 1167 1958; x_wconf 91' lang='lat' dir='ltr'>et</span> <span class='ocrx_word' id='word_1_123' title='bbox 1201 1891 1295 1958; x_wconf 89' lang='lat' dir='ltr'>horno</span> <span class='ocrx_word' id='word_1_124' title='bbox 1334 1891 1471 1956; x_wconf 90' lang='lat' dir='ltr'>inhono-</span> 
     </span>
     <span class='ocr_line' id='line_1_15' title="bbox 207 2003 1468 2090; baseline -0.002 -20"><span class='ocrx_word' id='word_1_125' title='bbox 207 2079 214 2090; x_wconf 16' lang='grc' dir='ltr'><strong><em>κ</em></strong></span> <span class='ocrx_word' id='word_1_126' title='bbox 258 2009 345 2071; x_wconf 87' lang='lat' dir='ltr'>retus</span> <span class='ocrx_word' id='word_1_127' title='bbox 370 2008 427 2087; x_wconf 87' lang='lat' dir='ltr'>est,</span> <span class='ocrx_word' id='word_1_128' title='bbox 450 2005 577 2089; x_wconf 87' lang='lat' dir='ltr'>insuper</span> <span class='ocrx_word' id='word_1_129' title='bbox 600 2009 631 2069; x_wconf 92' lang='lat' dir='ltr'>et</span> <span class='ocrx_word' id='word_1_130' title='bbox 657 2004 786 2070; x_wconf 92' lang='lat' dir='ltr'>illusum</span> <span class='ocrx_word' id='word_1_131' title='bbox 814 2007 924 2070; x_wconf 86' lang='lat' dir='ltr'>morte</span> <span class='ocrx_word' id='word_1_132' title='bbox 961 2003 1143 2088; x_wconf 87' lang='lat' dir='ltr'>turpissima</span> <span class='ocrx_word' id='word_1_133' title='bbox 1173 2003 1468 2070; x_wconf 76' lang='lat' dir='ltr'>condemneremnt.</span> 
     </span>
     <span class='ocr_line' id='line_1_16' title="bbox 259 2113 1518 2200; baseline -0.002 -20"><span class='ocrx_word' id='word_1_134' title='bbox 259 2118 457 2200; x_wconf 81' lang='lat' dir='ltr'>Quapropter</span> <span class='ocrx_word' id='word_1_135' title='bbox 501 2119 532 2182; x_wconf 93' lang='lat' dir='ltr'>et</span> <span class='ocrx_word' id='word_1_136' title='bbox 565 2115 795 2180; x_wconf 80' lang='lat' dir='ltr'>Sodomitarum</span> <span class='ocrx_word' id='word_1_137' title='bbox 824 2114 942 2198; x_wconf 79' lang='lat' dir='ltr'>judicio</span> <span class='ocrx_word' id='word_1_138' title='bbox 981 2113 1181 2181; x_wconf 87' lang='lat' dir='ltr'>subvertendi</span> <span class='ocrx_word' id='word_1_139' title='bbox 1212 2115 1351 2195; x_wconf 86' lang='lat' dir='ltr'>fuerunt,</span> <span class='ocrx_word' id='word_1_140' title='bbox 1386 2116 1471 2181; x_wconf 89' lang='lat' dir='ltr'>siout</span> <span class='ocrx_word' id='word_1_141' title='bbox 1513 2133 1518 2142; x_wconf 89' lang='lat'><strong>·</strong></span> 
     </span>
    </p>

    <p class='ocr_par' dir='ltr' id='par_1_3' title="bbox 184 2226 1558 4323">
     <span class='ocr_line' id='line_1_17' title="bbox 261 2226 1557 2313; baseline -0.003 -20"><span class='ocrx_word' id='word_1_142' title='bbox 261 2232 293 2293; x_wconf 92' lang='lat' dir='ltr'>et</span> <span class='ocrx_word' id='word_1_143' title='bbox 315 2228 414 2311; x_wconf 91' lang='lat' dir='ltr'>primo</span> <span class='ocrx_word' id='word_1_144' title='bbox 438 2247 495 2312; x_wconf 91' lang='lat' dir='ltr'>per</span> <span class='ocrx_word' id='word_1_145' title='bbox 518 2227 709 2311; x_wconf 81' lang='lat' dir='ltr'>Babylonios</span> <span class='ocrx_word' id='word_1_146' title='bbox 729 2230 856 2311; x_wconf 90' lang='lat' dir='ltr'>propter</span> <span class='ocrx_word' id='word_1_147' title='bbox 879 2227 1063 2311; x_wconf 85' lang='lat' dir='ltr'>sanguinem</span> <span class='ocrx_word' id='word_1_148' title='bbox 1084 2227 1311 2313; x_wconf 89' lang='lat' dir='ltr'>prophetarum</span> <span class='ocrx_word' id='word_1_149' title='bbox 1333 2229 1365 2291; x_wconf 89' lang='lat' dir='ltr'>et</span> <span class='ocrx_word' id='word_1_150' title='bbox 1378 2226 1471 2290; x_wconf 90' lang='lat' dir='ltr'>inno·</span> <span class='ocrx_word' id='word_1_151' title='bbox 1556 2233 1557 2256; x_wconf 67' lang='lat'>¹</span> 
     </span>
     <span class='ocr_line' id='line_1_18' title="bbox 261 2337 1470 2424; baseline -0.005 -18"><span class='ocrx_word' id='word_1_152' title='bbox 261 2343 387 2406; x_wconf 86' lang='lat' dir='ltr'>eentum</span> <span class='ocrx_word' id='word_1_153' title='bbox 409 2339 449 2403; x_wconf 92' lang='lat' dir='ltr'>ed</span> <span class='ocrx_word' id='word_1_154' title='bbox 472 2342 596 2422; x_wconf 88' lang='lat' dir='ltr'>tempus</span> <span class='ocrx_word' id='word_1_155' title='bbox 619 2338 711 2403; x_wconf 91' lang='lat' dir='ltr'>deleti</span> <span class='ocrx_word' id='word_1_156' title='bbox 747 2342 833 2417; x_wconf 88' lang='lat' dir='ltr'>sunt,</span> <span class='ocrx_word' id='word_1_157' title='bbox 867 2338 977 2404; x_wconf 89' lang='lat' dir='ltr'>deinde</span> <span class='ocrx_word' id='word_1_158' title='bbox 1007 2357 1079 2404; x_wconf 89' lang='lat' dir='ltr'>vero</span> <span class='ocrx_word' id='word_1_159' title='bbox 1115 2340 1246 2424; x_wconf 88' lang='lat' dir='ltr'>propter</span> <span class='ocrx_word' id='word_1_160' title='bbox 1283 2337 1470 2422; x_wconf 86' lang='lat' dir='ltr'>sanguinem</span> 
     </span>
     <span class='ocr_line' id='line_1_19' title="bbox 261 2447 1472 2534; baseline -0.002 -18"><span class='ocrx_word' id='word_1_161' title='bbox 261 2450 340 2517; x_wconf 80' lang='lat' dir='ltr'>lesu</span> <span class='ocrx_word' id='word_1_162' title='bbox 361 2452 393 2514; x_wconf 92' lang='lat' dir='ltr'>et</span> <span class='ocrx_word' id='word_1_163' title='bbox 414 2453 589 2534; x_wconf 82' lang='lat' dir='ltr'>martyrum</span> <span class='ocrx_word' id='word_1_164' title='bbox 612 2448 678 2532; x_wconf 87' lang='lat' dir='ltr'>ejus</span> <span class='ocrx_word' id='word_1_165' title='bbox 701 2467 756 2532; x_wconf 90' lang='lat' dir='ltr'>per</span> <span class='ocrx_word' id='word_1_166' title='bbox 778 2449 945 2531; x_wconf 85' lang='lat' dir='ltr'>Romanos,</span> <span class='ocrx_word' id='word_1_167' title='bbox 984 2452 1149 2516; x_wconf 89' lang='lat' dir='ltr'>modernos</span> <span class='ocrx_word' id='word_1_168' title='bbox 1184 2450 1334 2514; x_wconf 91' lang='lat' dir='ltr'>nimirum</span> <span class='ocrx_word' id='word_1_169' title='bbox 1365 2447 1472 2532; x_wconf 85' lang='lat' dir='ltr'>Baby·</span> 
     </span>
     <span class='ocr_line' id='line_1_20' title="bbox 261 2560 1558 2647; baseline -0.001 -20"><span class='ocrx_word' id='word_1_170' title='bbox 261 2561 372 2641; x_wconf 80' lang='lat' dir='ltr'>Ionios,</span> <span class='ocrx_word' id='word_1_171' title='bbox 402 2560 686 2647; x_wconf 75' lang='lat' dir='ltr'>irrecuperabiliter</span> <span class='ocrx_word' id='word_1_172' title='bbox 708 2561 859 2642; x_wconf 83' lang='lat' dir='ltr'>subversi,</span> <span class='ocrx_word' id='word_1_173' title='bbox 890 2565 1022 2646; x_wconf 78' lang='lat' dir='ltr'>postque</span> <span class='ocrx_word' id='word_1_174' title='bbox 1054 2565 1171 2628; x_wconf 83' lang='lat' dir='ltr'>multae</span> <span class='ocrx_word' id='word_1_175' title='bbox 1209 2562 1404 2628; x_wconf 75' lang='lat' dir='ltr'>salernitates</span> <span class='ocrx_word' id='word_1_176' title='bbox 1439 2564 1473 2626; x_wconf 92' lang='lat' dir='ltr'>et</span> <span class='ocrx_word' id='word_1_177' title='bbox 1557 2598 1558 2626; x_wconf 69' lang='grc'><strong>;</strong></span> 
     </span>
     <span class='ocr_line' id='line_1_21' title="bbox 261 2671 1471 2759; baseline 0.001 -22"><span class='ocrx_word' id='word_1_178' title='bbox 261 2671 484 2740; x_wconf 79' lang='lat' dir='ltr'>inenarrabiles</span> <span class='ocrx_word' id='word_1_179' title='bbox 508 2672 649 2738; x_wconf 87' lang='lat' dir='ltr'>miseriae</span> <span class='ocrx_word' id='word_1_180' title='bbox 671 2672 793 2756; x_wconf 93' lang='lat' dir='ltr'>inipso</span> <span class='ocrx_word' id='word_1_181' title='bbox 817 2672 933 2738; x_wconf 83' lang='lat' dir='ltr'>excidio</span> <span class='ocrx_word' id='word_1_182' title='bbox 956 2690 1122 2758; x_wconf 88' lang='lat' dir='ltr'>perpessas</span> <span class='ocrx_word' id='word_1_183' title='bbox 1155 2673 1187 2738; x_wconf 91' lang='lat' dir='ltr'>in</span> <span class='ocrx_word' id='word_1_184' title='bbox 1219 2693 1326 2740; x_wconf 88' lang='lat' dir='ltr'>omnes</span> <span class='ocrx_word' id='word_1_185' title='bbox 1360 2677 1471 2759; x_wconf 84' lang='lat' dir='ltr'>gentes</span> 
     </span>
     <span class='ocr_line' id='line_1_22' title="bbox 265 2783 1472 2868; baseline 0.001 -20"><span class='ocrx_word' id='word_1_186' title='bbox 265 2784 381 2867; x_wconf 83' lang='lat' dir='ltr'>captivi</span> <span class='ocrx_word' id='word_1_187' title='bbox 416 2783 544 2849; x_wconf 89' lang='lat' dir='ltr'>abduoti</span> <span class='ocrx_word' id='word_1_188' title='bbox 577 2787 672 2862; x_wconf 80' lang='lat' dir='ltr'>sunt3</span> <span class='ocrx_word' id='word_1_189' title='bbox 697 2784 751 2849; x_wconf 89' lang='lat' dir='ltr'>sed</span> <span class='ocrx_word' id='word_1_190' title='bbox 783 2803 884 2867; x_wconf 87' lang='lat' dir='ltr'>neque</span> <span class='ocrx_word' id='word_1_191' title='bbox 917 2784 962 2850; x_wconf 89' lang='lat' dir='ltr'>sie</span> <span class='ocrx_word' id='word_1_192' title='bbox 995 2788 1157 2868; x_wconf 83' lang='lat' dir='ltr'>peceatum</span> <span class='ocrx_word' id='word_1_193' title='bbox 1181 2803 1283 2865; x_wconf 86' lang='lat' dir='ltr'>suum,</span> <span class='ocrx_word' id='word_1_194' title='bbox 1316 2803 1372 2868; x_wconf 93' lang='lat' dir='ltr'>pro</span> <span class='ocrx_word' id='word_1_195' title='bbox 1411 2802 1472 2868; x_wconf 89' lang='lat' dir='ltr'>quo</span> 
     </span>
     <span class='ocr_line' id='line_1_23' title="bbox 264 2895 1468 2980; baseline 0 -20"><span class='ocrx_word' id='word_1_196' title='bbox 264 2899 388 2960; x_wconf 88' lang='lat' dir='ltr'>tantum</span> <span class='ocrx_word' id='word_1_197' title='bbox 409 2896 529 2960; x_wconf 90' lang='lat' dir='ltr'>malum</span> <span class='ocrx_word' id='word_1_198' title='bbox 551 2895 596 2959; x_wconf 88' lang='lat' dir='ltr'>eis</span> <span class='ocrx_word' id='word_1_199' title='bbox 619 2895 731 2975; x_wconf 84' lang='lat' dir='ltr'>evenit,</span> <span class='ocrx_word' id='word_1_200' title='bbox 755 2899 984 2979; x_wconf 79' lang='lat' dir='ltr'>recognoseunt</span> <span class='ocrx_word' id='word_1_201' title='bbox 1006 2898 1063 2961; x_wconf 93' lang='lat' dir='ltr'>aut</span> <span class='ocrx_word' id='word_1_202' title='bbox 1097 2896 1320 2980; x_wconf 87' lang='lat' dir='ltr'>poenitentiam</span> <span class='ocrx_word' id='word_1_203' title='bbox 1358 2898 1468 2980; x_wconf 87' lang='lat' dir='ltr'>agunt.</span> 
     </span>
     <span class='ocr_line' id='line_1_24' title="bbox 184 3007 1473 3105; baseline 0.001 -33"><span class='ocrx_word' id='word_1_204' title='bbox 184 3091 192 3105; x_wconf 26' lang='grc' dir='ltr'>ἱ</span> <span class='ocrx_word' id='word_1_205' title='bbox 265 3007 355 3089; x_wconf 86' lang='lat' dir='ltr'>Quod</span> <span class='ocrx_word' id='word_1_206' title='bbox 377 3007 421 3072; x_wconf 91' lang='lat' dir='ltr'>eis</span> <span class='ocrx_word' id='word_1_207' title='bbox 446 3025 568 3091; x_wconf 88' lang='lat' dir='ltr'>quoque</span> <span class='ocrx_word' id='word_1_208' title='bbox 590 3026 645 3090; x_wconf 92' lang='lat' dir='ltr'>per</span> <span class='ocrx_word' id='word_1_209' title='bbox 678 3009 777 3072; x_wconf 91' lang='lat' dir='ltr'>Amos</span> <span class='ocrx_word' id='word_1_210' title='bbox 809 3007 994 3091; x_wconf 86' lang='lat' dir='ltr'>prophetem</span> <span class='ocrx_word' id='word_1_211' title='bbox 1028 3007 1159 3092; x_wconf 84' lang='lat' dir='ltr'>Spiritus</span> <span class='ocrx_word' id='word_1_212' title='bbox 1197 3010 1324 3074; x_wconf 85' lang='lat' dir='ltr'>sanetus</span> <span class='ocrx_word' id='word_1_213' title='bbox 1354 3008 1473 3092; x_wconf 91' lang='lat' dir='ltr'>impro-</span> 
     </span>
     <span class='ocr_line' id='line_1_25' title="bbox 265 3118 1473 3205; baseline 0.002 -22"><span class='ocrx_word' id='word_1_214' title='bbox 265 3120 354 3202; x_wconf 90' lang='lat' dir='ltr'>perat</span> <span class='ocrx_word' id='word_1_215' title='bbox 376 3123 470 3201; x_wconf 87' lang='lat' dir='ltr'>atque</span> <span class='ocrx_word' id='word_1_216' title='bbox 492 3136 511 3181; x_wconf 88' lang='lat' dir='ltr'>e</span> <span class='ocrx_word' id='word_1_217' title='bbox 534 3118 701 3202; x_wconf 89' lang='lat' dir='ltr'>semetipso</span> <span class='ocrx_word' id='word_1_218' title='bbox 740 3120 846 3203; x_wconf 81' lang='lat' dir='ltr'>culpas</span> <span class='ocrx_word' id='word_1_219' title='bbox 880 3118 1088 3205; x_wconf 85' lang='lat' dir='ltr'>negligentiae</span> <span class='ocrx_word' id='word_1_220' title='bbox 1122 3121 1311 3186; x_wconf 85' lang='lat' dir='ltr'>submovens</span> <span class='ocrx_word' id='word_1_221' title='bbox 1349 3120 1381 3185; x_wconf 91' lang='lat' dir='ltr'>in</span> <span class='ocrx_word' id='word_1_222' title='bbox 1419 3138 1473 3185; x_wconf 88' lang='lat' dir='ltr'>eos</span> 
     </span>
     <span class='ocr_line' id='line_1_26' title="bbox 267 3228 1475 3299; baseline 0.002 -5"><span class='ocrx_word' id='word_1_223' title='bbox 267 3232 367 3294; x_wconf 88' lang='lat' dir='ltr'>totam</span> <span class='ocrx_word' id='word_1_224' title='bbox 390 3246 518 3294; x_wconf 85' lang='lat' dir='ltr'>oausam</span> <span class='ocrx_word' id='word_1_225' title='bbox 540 3228 678 3293; x_wconf 84' lang='lat' dir='ltr'>refundit</span> <span class='ocrx_word' id='word_1_226' title='bbox 700 3229 804 3295; x_wconf 81' lang='lat' dir='ltr'>diceus</span> <span class='ocrx_word' id='word_1_227' title='bbox 825 3230 907 3295; x_wconf 89' lang='lat' dir='ltr'>inter</span> <span class='ocrx_word' id='word_1_228' title='bbox 929 3232 1257 3299; x_wconf 78' lang='lat' dir='ltr'>oeterezsubverti&#39;</span> <span class='ocrx_word' id='word_1_229' title='bbox 1272 3249 1339 3296; x_wconf 85' lang='lat' dir='ltr'>vos</span> <span class='ocrx_word' id='word_1_230' title='bbox 1363 3232 1475 3297; x_wconf 89' lang='lat' dir='ltr'>sieut</span> 
     </span>
     <span class='ocr_line' id='line_1_27' title="bbox 267 3339 1473 3410; baseline 0.001 -5"><span class='ocrx_word' id='word_1_231' title='bbox 267 3339 457 3406; x_wconf 86' lang='lat' dir='ltr'>subverti</span> <span class='ocrx_word' id='word_1_232' title='bbox 480 3342 684 3406; x_wconf 85' lang='lat' dir='ltr'>sodomam</span> <span class='ocrx_word' id='word_1_233' title='bbox 705 3346 743 3407; x_wconf 90' lang='lat' dir='ltr'>et</span> <span class='ocrx_word' id='word_1_234' title='bbox 766 3341 1029 3408; x_wconf 80' lang='lat' dir='ltr'>Gomorrhem</span> <span class='ocrx_word' id='word_1_235' title='bbox 1054 3348 1188 3410; x_wconf 84' lang='lat' dir='ltr'>et&#39;neo</span> <span class='ocrx_word' id='word_1_236' title='bbox 1211 3343 1271 3409; x_wconf 90' lang='lat' dir='ltr'>sie</span> <span class='ocrx_word' id='word_1_237' title='bbox 1292 3342 1473 3408; x_wconf 86' lang='lat' dir='ltr'>redistis</span> 
     </span>
     <span class='ocr_line' id='line_1_28' title="bbox 267 3452 1473 3542; baseline 0 -24"><span class='ocrx_word' id='word_1_238' title='bbox 267 3455 314 3518; x_wconf 87' lang='lat' dir='ltr'>ad</span> <span class='ocrx_word' id='word_1_239' title='bbox 347 3452 449 3537; x_wconf 87' lang='lat' dir='ltr'>me&#39;)</span> <span class='ocrx_word' id='word_1_240' title='bbox 494 3455 551 3520; x_wconf 88' lang='lat' dir='ltr'>Sed</span> <span class='ocrx_word' id='word_1_241' title='bbox 589 3458 621 3518; x_wconf 89' lang='lat' dir='ltr'>et</span> <span class='ocrx_word' id='word_1_242' title='bbox 657 3453 808 3538; x_wconf 89' lang='lat' dir='ltr'>propheta</span> <span class='ocrx_word' id='word_1_243' title='bbox 845 3455 943 3520; x_wconf 84' lang='lat' dir='ltr'>isaias</span> <span class='ocrx_word' id='word_1_244' title='bbox 978 3455 1137 3542; x_wconf 80' lang='lat' dir='ltr'>prinsipes</span> <span class='ocrx_word' id='word_1_245' title='bbox 1175 3474 1281 3523; x_wconf 92' lang='lat' dir='ltr'>eorum</span> <span class='ocrx_word' id='word_1_246' title='bbox 1319 3455 1473 3538; x_wconf 85' lang='lat' dir='ltr'>principes</span> 
     </span>
     <span class='ocr_line' id='line_1_29' title="bbox 268 3566 1474 3651; baseline 0 -23"><span class='ocrx_word' id='word_1_247' title='bbox 268 3567 473 3632; x_wconf 84' lang='lat' dir='ltr'>Sodomorum</span> <span class='ocrx_word' id='word_1_248' title='bbox 496 3569 527 3632; x_wconf 89' lang='lat' dir='ltr'>et</span> <span class='ocrx_word' id='word_1_249' title='bbox 548 3566 699 3651; x_wconf 90' lang='lat' dir='ltr'>populum</span> <span class='ocrx_word' id='word_1_250' title='bbox 721 3566 862 3649; x_wconf 89' lang='lat' dir='ltr'>ipsorum</span> <span class='ocrx_word' id='word_1_251' title='bbox 884 3568 1037 3650; x_wconf 92' lang='lat' dir='ltr'>populum</span> <span class='ocrx_word' id='word_1_252' title='bbox 1067 3567 1260 3635; x_wconf 79' lang='lat' dir='ltr'>Gomorrhae</span> <span class='ocrx_word' id='word_1_253' title='bbox 1297 3583 1474 3650; x_wconf 79' lang='lat' dir='ltr'>nuncupare</span> 
     </span>
     <span class='ocr_line' id='line_1_30' title="bbox 268 3676 1475 3765; baseline 0.001 -24"><span class='ocrx_word' id='word_1_254' title='bbox 268 3696 331 3742; x_wconf 90' lang='lat' dir='ltr'>non</span> <span class='ocrx_word' id='word_1_255' title='bbox 353 3676 487 3756; x_wconf 87' lang='lat' dir='ltr'>dubitat,</span> <span class='ocrx_word' id='word_1_256' title='bbox 511 3676 667 3760; x_wconf 89' lang='lat' dir='ltr'>siquidem</span> <span class='ocrx_word' id='word_1_257' title='bbox 690 3677 802 3743; x_wconf 91' lang='lat' dir='ltr'>titulus</span> <span class='ocrx_word' id='word_1_258' title='bbox 829 3677 1012 3761; x_wconf 89' lang='lat' dir='ltr'>prophetiae</span> <span class='ocrx_word' id='word_1_259' title='bbox 1042 3679 1153 3764; x_wconf 83' lang='lat' dir='ltr'>ipsius,</span> <span class='ocrx_word' id='word_1_260' title='bbox 1188 3700 1248 3765; x_wconf 91' lang='lat' dir='ltr'>quo</span> <span class='ocrx_word' id='word_1_261' title='bbox 1273 3679 1318 3744; x_wconf 90' lang='lat' dir='ltr'>sie</span> <span class='ocrx_word' id='word_1_262' title='bbox 1350 3679 1475 3745; x_wconf 84' lang='lat' dir='ltr'>inchoet</span> 
     </span>
     <span class='ocr_line' id='line_1_31' title="bbox 206 3785 1478 3876; baseline 0.008 -31"><span class='ocrx_word' id='word_1_263' title='bbox 206 3833 213 3845; x_wconf 46' lang='lat' dir='ltr'><em>s</em></span> <span class='ocrx_word' id='word_1_264' title='bbox 269 3785 1478 3876; x_wconf 66' lang='lat' dir='ltr'>visioIsaiae,quemviuitsuperluuemetJeruselenr)</span> 
     </span>
     <span class='ocr_line' id='line_1_32' title="bbox 271 3899 1475 3986; baseline 0.002 -21"><span class='ocrx_word' id='word_1_265' title='bbox 271 3899 383 3985; x_wconf 88' lang='lat' dir='ltr'>quibus</span> <span class='ocrx_word' id='word_1_266' title='bbox 405 3900 552 3982; x_wconf 89' lang='lat' dir='ltr'>loquatur</span> <span class='ocrx_word' id='word_1_267' title='bbox 575 3899 765 3966; x_wconf 85' lang='lat' dir='ltr'>manifestet.</span> <span class='ocrx_word' id='word_1_268' title='bbox 811 3901 988 3969; x_wconf 83' lang='lat' dir='ltr'>Praemisso</span> <span class='ocrx_word' id='word_1_269' title='bbox 1011 3919 1147 3986; x_wconf 90' lang='lat' dir='ltr'>namque</span> <span class='ocrx_word' id='word_1_270' title='bbox 1169 3903 1225 3969; x_wconf 88' lang='lat' dir='ltr'>tali</span> <span class='ocrx_word' id='word_1_271' title='bbox 1253 3904 1345 3970; x_wconf 91' lang='lat' dir='ltr'>titulo</span> <span class='ocrx_word' id='word_1_272' title='bbox 1379 3904 1475 3970; x_wconf 90' lang='lat' dir='ltr'>inter·</span> 
     </span>
     <span class='ocr_line' id='line_1_33' title="bbox 270 4008 1476 4098; baseline 0.003 -22"><span class='ocrx_word' id='word_1_273' title='bbox 270 4008 734 4097; x_wconf 73' lang='lat' dir='ltr'>positis³lsubintulitdicens:</span> <span class='ocrx_word' id='word_1_274' title='bbox 757 4011 942 4079; x_wconf 84' lang='lat' dir='ltr'>Audite</span> <span class='ocrx_word' id='word_1_275' title='bbox 964 4015 1037 4080; x_wconf 88' lang='lat' dir='ltr'>hoe</span> <span class='ocrx_word' id='word_1_276' title='bbox 1065 4014 1164 4098; x_wconf 92' lang='lat' dir='ltr'>prin</span> <span class='ocrx_word' id='word_1_277' title='bbox 1182 4014 1316 4098; x_wconf 83' lang='lat' dir='ltr'>cipes</span> <span class='ocrx_word' id='word_1_278' title='bbox 1335 4013 1356 4082; x_wconf 86' lang='lat' dir='ltr'>S</span> <span class='ocrx_word' id='word_1_279' title='bbox 1373 4016 1476 4081; x_wconf 92' lang='lat' dir='ltr'>odo·</span> 
     </span>
     <span class='ocr_line' id='line_1_34' title="bbox 271 4121 1474 4212; baseline 0.002 -24"><span class='ocrx_word' id='word_1_280' title='bbox 271 4140 440 4188; x_wconf 89' lang='lat' dir='ltr'>morum</span> <span class='ocrx_word' id='word_1_281' title='bbox 477 4123 517 4186; x_wconf 92' lang='lat' dir='ltr'>et</span> <span class='ocrx_word' id='word_1_282' title='bbox 553 4121 754 4189; x_wconf 90' lang='lat' dir='ltr'>auribus</span> <span class='ocrx_word' id='word_1_283' title='bbox 790 4125 1019 4210; x_wconf 80' lang='lat' dir='ltr'>percipite</span> <span class='ocrx_word' id='word_1_284' title='bbox 1056 4129 1221 4212; x_wconf 87' lang='lat' dir='ltr'>legem</span> <span class='ocrx_word' id='word_1_285' title='bbox 1257 4126 1345 4192; x_wconf 89' lang='lat' dir='ltr'>Dei</span> <span class='ocrx_word' id='word_1_286' title='bbox 1382 4127 1474 4191; x_wconf 91' lang='lat' dir='ltr'>mei</span> 
     </span>
     <span class='ocr_line' id='line_1_35' title="bbox 272 4231 1478 4323; baseline 0.003 -23"><span class='ocrx_word' id='word_1_287' title='bbox 272 4235 465 4320; x_wconf 90' lang='lat' dir='ltr'>populus</span> <span class='ocrx_word' id='word_1_288' title='bbox 493 4231 834 4323; x_wconf 74' lang='lat' dir='ltr'>Gomorrhae4)</span> <span class='ocrx_word' id='word_1_289' title='bbox 869 4241 927 4304; x_wconf 88' lang='lat' dir='ltr'>eto.</span> <span class='ocrx_word' id='word_1_290' title='bbox 973 4235 1013 4306; x_wconf 79' lang='lat' dir='ltr'>nr</span> <span class='ocrx_word' id='word_1_291' title='bbox 1049 4258 1104 4306; x_wconf 88' lang='lat' dir='ltr'>our</span> <span class='ocrx_word' id='word_1_292' title='bbox 1141 4258 1194 4306; x_wconf 90' lang='lat' dir='ltr'>eos</span> <span class='ocrx_word' id='word_1_293' title='bbox 1231 4238 1410 4307; x_wconf 84' lang='lat' dir='ltr'>Sodomites</span> <span class='ocrx_word' id='word_1_294' title='bbox 1447 4243 1478 4305; x_wconf 91' lang='lat' dir='ltr'>et</span> 
     </span>
    </p>
   </div>
   <div class='ocr_carea' id='block_1_3' title="bbox 378 4451 1476 4530">
    <p class='ocr_par' dir='ltr' id='par_1_4' title="bbox 378 4451 1476 4530">
     <span class='ocr_line' id='line_1_36' title="bbox 378 4451 1476 4530; baseline 0.004 -24"><span class='ocrx_word' id='word_1_295' title='bbox 378 4464 399 4530; x_wconf 75' lang='grc' dir='ltr'>ι)</span> <span class='ocrx_word' id='word_1_296' title='bbox 420 4459 506 4512; x_wconf 78' lang='lat' dir='ltr'>Amos.</span> <span class='ocrx_word' id='word_1_297' title='bbox 526 4454 553 4507; x_wconf 74' lang='lat'>4.</span> <span class='ocrx_word' id='word_1_298' title='bbox 574 4454 615 4506; x_wconf 90' lang='lat' dir='ltr'>ll.</span> <span class='ocrx_word' id='word_1_299' title='bbox 644 4486 655 4492; x_wconf 92' lang='lat'>-</span> <span class='ocrx_word' id='word_1_300' title='bbox 695 4451 833 4523; x_wconf 70' lang='grc' dir='ltr'>Ι)ῐε.1.1.</span> <span class='ocrx_word' id='word_1_301' title='bbox 857 4483 886 4495; x_wconf 89' lang='grc'>-</span> <span class='ocrx_word' id='word_1_302' title='bbox 912 4454 933 4525; x_wconf 84' lang='lat'>³)</span> <span class='ocrx_word' id='word_1_303' title='bbox 952 4458 1041 4513; x_wconf 82' lang='lat' dir='ltr'>deest:</span> <span class='ocrx_word' id='word_1_304' title='bbox 1061 4461 1151 4524; x_wconf 82' lang='lat' dir='ltr'>paneis</span> <span class='ocrx_word' id='word_1_305' title='bbox 1170 4455 1476 4526; x_wconf 76' lang='lat' dir='ltr'>verbis.-⁴)ls.l.lll.</span> 
     </span>
    </p>
   </div>
   <div class='ocr_carea' id='block_1_4' title="bbox 0 0 1613 5214">
    <p class='ocr_par' dir='ltr' id='par_1_5' title="bbox 0 0 1613 5214">
     <span class='ocr_line' id='line_1_37' title="bbox 0 0 1613 5214; baseline 0 0"><span class='ocrx_word' id='word_1_306' title='bbox 0 0 1613 5214; x_wconf 95' lang='lat' dir='ltr'> </span> 
     </span>
    </p>
   </div>
  </div>
 </body>
</html>
