3168 5190
1269 395 1330 462 231

130 560 328 646 aequalitatis
351 579 387 628 er
408 561 516 646 rapina
547 563 765 646 praesumptae
784 564 821 627 ut
841 543 968 646 propter
988 562 1049 631 hoc
1071 561 1213 632 triforme
1236 565 1331 653 primi

129 673 271 760 parentis
288 675 454 760 paramum
476 672 660 758 expiandum
692 688 787 737 unam
809 690 950 740 summae
970 673 1135 742 rPrinitatis
1158 676 1254 743 trium
1275 693 1332 743 na-

129 790 275 853 turarum
306 801 471 869 personam
503 783 647 850 videbat
678 781 853 850 Dominum
874 784 986 853 Jesum
1023 804 1148 854 necesse
1182 785 1331 857 fueritin

129 899 267 987 peccatis
287 894 439 963 laborare.
483 894 573 961 Unde
595 894 690 960 etiam
712 898 928 960 consummata
962 895 1135 963 obedientia
1164 918 1331 985 resurgens

128 1009 304 1078 amortuis
338 1024 443 1075 coram
479 1005 639 1092 discipulis
661 1008 726 1072 tres
748 1007 866 1090 species
889 1007 1031 1073 ciborum
1052 1007 1197 1076 videlicet
1217 1027 1330 1094 panem

129 1126 161 1191 ιι
181 1123 304 1208 piscem
336 1123 368 1184 et
399 1118 462 1184 mel
483 1117 627 1198 comedit,
661 1116 810 1182 nimirum
841 1119 878 1183 ut
900 1119 961 1184 tria
981 1117 1144 1186 hominurn
1176 1140 1330 1206 ganeraa

126 1232 263 1300 triformi
294 1231 370 1297 vitio
393 1226 541 1295 liberatos
564 1226 669 1294 cibum
702 1227 768 1312 ejus
791 1247 859 1295 esse
879 1229 1110 1316 intelligamus,
1146 1249 1224 1316 quac
1256 1237 1331 1301 sunt

125 1345 236 1426 activi,
261 1338 495 1425 contemplativi
516 1340 547 1404 ιι
568 1337 708 1405 theorici.
731 1339 813 1406 Nam
832 1339 909 1406 bene
924 1340 1019 1406 actiui
1034 1344 1067 1408 et
1082 1343 1216 1410 morales
1240 1343 1329 1428 quasi

125 1457 212 1542 panis
236 1454 370 1520 mundns
392 1453 430 1519 <le
449 1455 532 1518 terra
554 1454 699 1537 sumptus
722 1452 755 1517 in
777 1470 889 1537 corpus
905 1450 971 1536 ejus
988 1455 1163 1534 transeunt;
1188 1457 1328 1522 contem-

124 1567 235 1653 plativi
257 1584 328 1632 vero
344 1563 516 1649 sapientiae
531 1581 567 1629 ac
581 1563 727 1630 scientiae
749 1564 889 1649 gurgites
911 1565 1088 1630 innatantes
1113 1565 1204 1649 quasi
1225 1566 1327 1649 pisces

125 1679 233 1746 munii
256 1681 288 1744 et
308 1676 387 1744 bene
418 1675 555 1742 amurati
589 1677 683 1741 etiam
714 1675 776 1761 ipsi
800 1675 923 1744 Christo
957 1692 1051 1742 suave
1086 1676 1271 1743 alimentum
1293 1681 1324 1744 et

125 1791 247 1876 corpori
269 1789 345 1875 oJua,
370 1788 453 1873 quod
475 1791 524 1853 est
545 1787 683 1867 ecclesia,
706 1786 848 1853 tribuunt
869 1787 1103 1853 incrementum.
1137 1785 1238 1873 Super
1259 1806 1325 1853 om·

110 1903 174 1969 ‘nia
195 1919 270 1968 uero
291 1899 431 1967 theoriae
451 1899 544 1965 melle
566 1898 701 1984 saginati
723 1901 755 1965 et
775 1899 837 1984 ipsi
859 1899 1002 1983 saginam
1024 1896 1180 1965 dominico
1204 1899 1327 1984 corpori

123 2013 267 2081 tribuunt
288 2015 320 2077 et
337 1999 569 2090 maromontem,
600 2013 748 2077 coenante
770 2009 904 2076 Domino
938 2009 1093 2076 cumillis
1118 2013 1149 2077 ιι
1169 2008 1232 2096 ipsi
1254 2029 1326 2077 cnm

124 2143 168 2191 eo.
215 2123 331 2190 Antei
354 2127 417 2189 tres
451 2121 573 2188 ordines
607 2120 800 2207 conjugatos,
832 2122 1026 2188 continentes
1059 2124 1152 2206 atque
1187 2123 1323 2189 rectores

14 2285 15 2294 ι
122 2233 223 2303 tribus
245 2234 294 2302 his
317 2235 539 2300 alimentomm
573 2219 733 2318 speciebus
767 2235 866 2299 mavis
902 2252 970 2300 esse
1003 2232 1194 2318 significatos
1217 2234 1325 2299 eadem

122 2331 186 2415 lere
210 2348 271 2414 erit
291 2345 473 2432 assignatio.
518 2344 601 2410 Nam
624 2348 655 2411 ιι
677 2343 836 2429 conjugati
857 2344 964 2410 fideles
986 2344 1121 2410 mundus
1144 2345 1210 2410 Deo
1232 2342 1324 2429 panis

122 2462 211 2539 suut;
246 2458 440 2528 continentes
473 2455 612 2543 piscibus
646 2475 708 2521 non
729 2476 786 2542 per
808 2457 926 2522 coitum
948 2454 1168 2542 generantibus
1201 2457 1325 2522 assimi-

121 2571 243 2650 lantur;
277 2569 453 2654 spirituales
472 2585 545 2634 vero
568 2557 777 2651 spiritualium
805 2568 940 2632 rectores
963 2568 995 2631 et
1013 2564 1157 2649 magIstri
1179 2565 1221 2631 dii
1242 2567 1323 2634 inter

121 2665 261 2751 homines
284 2664 513 2765 nuncupantur,
527 2695 562 2744 ao
586 2679 668 2761 quod
684 2678 878 2762 eloquiorum
891 2676 950 2742 Dei
972 2676 1134 2742 dulcedine
1155 2677 1323 2744 assuefacti

120 2799 151 2862 et
172 2812 254 2861 unus
277 2809 349 2858 oum
369 2790 436 2855 Deo
460 2788 587 2873 spiritus
609 2788 710 2855 effecti
734 2791 816 2854 sunt.
840 2786 990 2872 Qualibus
1005 2805 1024 2852 a
1039 2787 1173 2853 Domino
1191 2787 1320 2856 dicitur:

120 2908 196 2992 ligo
220 2903 302 2970 diri
334 2901 387 2966 dii
420 2900 527 2966 estis
556 2904 593 2967 ιι
614 2900 695 2966 filii
729 2901 880 2965 excelsi
915 2896 1097 2984 omnes.¹)
1152 2897 1321 2966 Psalmista

120 3034 242 3102 quoque
264 3014 341 3078 haec
362 3012 423 3079 tria
442 3012 606 3078 *homiuum
635 3029 749 3096 genera
771 3012 809 3077 da
831 3010 931 3078 tribus
954 3012 1150 3097 generalibus
1174 3012 1258 3078 vitiis
1280 3012 1320 3079 ad

119 3129 224 3196 Deum
258 3141 406 3192 conuersa
439 3124 478 3190 ad
512 3123 639 3189 Patrem
670 3124 772 3191 Deum
804 3140 1049 3190 commemorans
1082 3125 1115 3189 in
1147 3123 1338 3209 gratiarum*

119 3241 240 3307 actione
260 3237 322 3303 ait:
349 3234 482 3302 Omnia
503 3234 724 3320 subjecisti
748 3234 818 3300 sub
839 3234 1015 3322 pedibus
1038 3235 1139 3319 ejus,
1165 3255 1258 3302 ores
1282 3238 1319 3302 ιι

119 3352 233 3420 bores
265 3347 487 3428 universas,
522 3347 685 3432 insuper
714 3352 751 3413 et
776 3366 922 3432 pecora
955 3349 1100 3433 campi,
1136 3349 1317 3414 volucres

119 3463 220 3534 coeli
237 3460 415 3546 etpisoes
438 3458 578 3539 maris,
603 3459 666 3543 qui
688 3457 959 3544 perambulant
981 3461 1134 3527 semitas
1157 3435 1317 3525 marias)

118 3575 270 3661 Loquitur
290 3574 404 3650 autem,
437 3572 474 3635 ut
494 3572 605 3635 notum
627 3572 683 3651 est,
717 3571 755 3636 de
778 3569 905 3638 Christo
922 3571 990 3656 jam
1011 3571 1110 3657 gloria
1137 3577 1317 3641 resurrecti·

127 3687 174 3753 nis
198 3691 230 3753 et
257 3684 374 3751 bonore
396 3682 587 3748 ascensionis
605 3684 752 3748 coronato
777 3686 808 3748 et
831 3700 924 3767 super
940 3700 1032 3765 opera
1047 3701 1196 3750 manuum
1212 3683 1315 3754 Patris

118 3798 297 3865 constituto.
344 3793 426 3877 Quid
447 3798 521 3859 sunt
554 3811 626 3878 ergo
660 3810 732 3858 ores
755 3796 787 3858 ιι
806 3792 901 3860 boves
934 3794 1061 3880 iusuper
1094 3812 1172 3879 quaa
1205 3814 1316 3880 pecora

117 3910 216 3993 campi
231 3905 346 3976 emisti
365 3903 497 3989 podibus
520 3903 668 3990 subjecta,
691 3906 750 3972 nisi
773 3906 913 3973 hominos
935 3906 1077 3990 pecuales
1093 3909 1123 3972 ιι
1138 3905 1314 3991 voluptuosi

117 4019 216 4104 magis
250 4035 324 4083 vero
348 4017 385 4080 de
407 4016 593 4098 voluptuosa
625 4018 857 4082 conversations
879 4018 918 4082 ad
939 4018 1042 4084 Deum
1065 4019 1218 4098 conversi,
1251 4019 1314 4085 late

117 4129 240 4213 quidem
272 4127 354 4193 vitae
386 4125 480 4210 hujus
503 4127 640 4212 spatiosa
670 4145 786 4212 pascua
807 4130 1017 4213 peragrantes,
1052 4129 1107 4194 sod
1127 4132 1231 4194 tamur
1253 4128 1313 4195 sub

117 4239 202 4325 virga
224 4239 375 4324 pastorali
406 4241 566 4305 mansuete
586 4241 782 4307 transeuntes
816 4243 908 4325 atque
930 4239 963 4304 in
983 4241 1214 4307 conversatione
1235 4238 1312 4306 bene

118 4399 364 4412 .--.—...—.-—-

218 4471 237 4545 ¹)
255 4472 299 4531 Ps.
318 4473 361 4530 81.
383 4473 406 4528 6,
433 4501 456 4512 -
482 4471 503 4542 ²)
520 4473 562 4528 Pa.
581 4473 606 4528 8.
627 4473 652 4528 8.
