3168 5190
1263 375 1326 444 265

132 556 164 619 et
179 553 350 619 secundnm
365 567 488 616 carnem
506 549 589 614 filins
603 546 676 616 Dei.
688 547 788 628 N0n1)
803 549 886 614 enim
899 550 1032 632 poterat,
1049 549 1130 631 qnod
1146 549 1210 631 del)
1221 552 1328 614 saneto

132 664 276 728 sanctum
297 666 407 726 natum
429 664 477 726 est
499 680 560 725 non
582 663 620 726 de
642 659 710 727 Deo
732 661 847 726 nasci.“
873 659 951 724 Ecce
974 676 1104 742 magnos
1127 660 1204 726 duos
1226 663 1333 743 patres

132 773 347 857 Augustinum
370 776 401 838 et
423 773 626 838 Ambrosium
648 774 678 838 id
709 775 887 839 constanter
910 767 1165 852 dieentes‘quod
1188 770 1331 837 Christus

133 886 305 950 secundnm
339 902 463 948 carnem
486 902 576 950 verus
599 885 658 950 Dei
679 885 762 950 filius
785 886 835 949 sit.
871 884 1087 951 conticescant
1107 882 1204 964 igitur
1226 888 1258 948 et
1280 882 1335 947 ob·

133 999 273 1060 struatur
296 1013 331 1059 os
353 994 546 1078 loquentium
566 995 682 1079 iniqua,
706 997 875 1060 dicentium
896 994 1012 1059 Christi
1035 994 1267 1078 generationem
1289 1013 1338 1058 se·

133 1107 270 1172 cundum
293 1123 418 1171 carnem
440 1125 501 1171 non
522 1107 675 1191 magisad
690 1106 793 1172 Deum
808 1107 937 1172 Patrem
960 1124 1053 1189 quam
1075 1107 1166 1171 unius
1190 1125 1225 1170 ex
1247 1104 1335 1169 nobis

132 1216 298 1300 pertinere,
324 1236 395 1282 eum
419 1215 654 1302 Evangelistae‚
677 1218 810 1300 apostoli
833 1218 993 1300 sanctique
1015 1221 1119 1300 patres
1144 1205 1258 1282 Christi
1280 1233 1336 1280 na·

133 1328 212 1392 tales
235 1329 407 1394 secundum
439 1346 563 1394 carnem
584 1348 620 1394 ex
643 1328 712 1393 Deo
736 1329 830 1396 Patre
852 1329 971 1394 divinos
1009 1346 1077 1392 esse
1110 1329 1334 1392 contestentur.

584 1559 693 1626 cap.
713 1557 895 1616 XXXV.

464 1681 583 1748 Contra
603 1681 770 1768 troporum
791 1680 972 1748 abusiones.
983 1678 1009 1764 ³)

236 1844 365 1909 Tollant
396 1844 468 1908 hinc
491 1844 706 1928 ambiguitatis
729 1861 833 1925 ansas,
867 1845 990 1909 solvant
1018 1842 1209 1908 infidelitatis
1240 1843 1338 1907 nodos

101 2013 105 2016 .
136 1955 167 2017 et
189 1955 359 2018 secundum
395 1955 567 2019 doctrinam
601 1955 806 2039 apostolicam
836 1958 867 2018 et
889 1957 1099 2040 evangelicam
1133 1954 1339 2019 confiteantur

137 2062 299 2130 nobiscnm
323 2064 480 2132 Christum
514 2084 575 2130 non
610 2067 779 2130 secundnm
811 2069 955 2130 naturam
978 2066 1072 2132 Verbi
1106 2071 1207 2133 solum
1231 2070 1338 2134 sedet

138 2175 308 2239 secundum
331 2194 455 2242 carnem
478 2197 585 2243 rernm
601 2181 702 2244 Deum
726 2184 757 2245 et
779 2181 810 2243 in
834 2180 947 2246 virtute
964 2180 1024 2245 Dei
1046 2181 1146 2247 filium
1161 2200 1197 2246 ac
1211 2183 1339 2267 perinde

136 2285 294 2353 hominem
330 2291 419 2356 illum
452 2313 514 2358 non
546 2296 684 2380 tropicae
717 2296 882 2360 locutionis
905 2295 1017 2373 modo,
1063 2295 1336 2378 quamadmodum,

137 2397 233 2481 ajunt,
257 2401 514 2469 accidentalitatis
544 2407 591 2470 vel
614 2407 812 2471 comitantiae
834 2411 925 2492 tropo
954 2408 1008 2471 sed
1029 2407 1152 2489 proprie
1173 2406 1338 2471 nobiscnm

137 2510 264 2575 credant
287 2514 318 2576 et
340 2514 546 2581 confiteantur
575 2518 685 2584 Deum.
709 2519 832 2583 Etenim
856 2520 915 2583 etsi
936 2521 1041 2600 tropos
1064 2518 1135 2582 illos
1159 2519 1190 2582 in
1213 2522 1338 2583 natura·

137 2619 218 2686 libus
255 2626 421 2691 cumillis
446 2628 621 2712 recipimus,
657 2632 692 2693 ut
715 2628 995 2693 accidentalitatem
1028 2628 1177 2708 dicamus,
1212 2630 1334 2711 qnando

137 2733 349 2814 praedicatum
373 2755 435 2801 non
458 2741 596 2804 redditur
618 2741 657 2806 ad
680 2759 824 2820 causam,
848 2740 1002 2822 quomodo
1025 2741 1052 2804 si
1075 2739 1159 2804 dicas
1181 2739 1241 2803 hoc
1263 2723 1339 2805 rati·

139 2844 226 2908 onale
250 2848 298 2910 est
320 2846 441 2928 album,
477 2870 537 2915 non
561 2852 645 2915 enim
669 2871 704 2916 ex
726 2870 761 2916 eo
786 2852 867 2934 quod
900 2850 1049 2914 rationale
1072 2852 1120 2914 est
1141 2849 1247 2915 album
1281 2856 1338 2932 est,

140 2957 293 3034 quomodo
317 2976 352 3022 ex
374 2979 410 3024 eo
434 2963 515 3043 quod
531 2962 623 3027 homo
641 2966 689 3027 est
708 2964 777 3046 quis
794 2964 910 3027 animal
925 2965 982 3042 est,
1006 2981 1077 3025 cum
1093 2961 1221 3027 dicitur:
1244 2963 1337 3028 homo

139 3065 185 3127 est
206 3064 332 3144 animal,
357 3069 410 3132 sod
430 3073 461 3134 et
483 3074 607 3153 tropum
630 3071 829 3136 comitantiae
860 3072 937 3136 item
959 3073 991 3135 in
1010 3072 1203 3138 naturalibus
1226 3075 1339 3139 admit-

139 3173 233 3240 timus
257 3195 329 3240 cum
352 3179 484 3245 dieitur:
520 3181 629 3246 albedo
652 3182 744 3259 clara,
779 3200 840 3245 non
864 3181 945 3263 quod
963 3181 1030 3263 ipsa
1049 3181 1202 3246 claritatis
1226 3182 1338 3247 funda·

140 3289 280 3349 mentum
302 3289 345 3353 sit
367 3291 420 3354 sed
444 3293 525 3373 quod
559 3312 627 3356 eam
648 3294 772 3357 claritas
795 3294 827 3356 in
851 3291 991 3374 subjecto
1015 3311 1142 3374 corpore
1171 3297 1339 3361 comitetur

141 3395 219 3461 sicut
242 3401 274 3462 et
295 3399 416 3482 pictum
449 3403 692 3486 parthenopeum
726 3405 826 3469 dicere
850 3406 951 3469 solent
973 3408 1061 3485 tropo
1082 3405 1280 3470 comitantiae
1303 3425 1337 3470 eo

142 3507 221 3588 quod
241 3508 327 3592 picta
348 3511 462 3576 habeat
483 3531 569 3577 arma
592 3534 624 3578 se
647 3516 828 3581 comitantia
850 3517 898 3580 vel
921 3516 1040 3580 ratione
1062 3517 1208 3582 consortii
1231 3537 1286 3600 pro
1302 3537 1337 3582 eo

143 3620 223 3700 quod
245 3621 328 3703 picto
352 3628 441 3688 scuto
476 3627 616 3690 scutatus
639 3626 755 3709 etipse
775 3626 813 3691 ob
836 3627 917 3691 scuti
940 3628 1130 3692 consortium
1152 3629 1270 3711 tropice
1292 3630 1339 3693 di-

140 3733 227 3794 oatur
249 3731 361 3813 pintus,
384 3752 456 3797 curn
477 3733 510 3797 in
532 3737 597 3800 solo
621 3740 708 3802 scuto
741 3738 783 3802 sit
803 3738 934 3821 pictura,
958 3739 1039 3803 sicut
1049 3743 1072 3821 ⁴)
1107 3739 1153 3804 illi
1174 3742 1283 3806 volunt
1305 3741 1337 3805 in

140 3841 204 3904 sola
227 3841 388 3908 divinitate
421 3851 598 3911 manentem
631 3849 887 3932 omnipotentiam
909 3855 1070 3934 assumpto
1100 3872 1163 3918 non
1185 3853 1339 3937 assignari

140 3970 232 4034 posse
254 3953 372 4019 homini
395 3957 455 4022 nisi
478 3958 596 4022 ratione
619 3961 767 4024 consortii
794 3962 883 4044 quasi
904 3962 1007 4027 divina
1030 3964 1255 4048 omnipotentia
1275 3983 1337 4028 non

240 4165 259 4235 ¹)
279 4169 341 4223 edit.
365 4173 425 4224 Nee.
448 4201 481 4208 —
508 4175 527 4236 ²)
547 4173 609 4225 edit.
629 4174 698 4238 quod
718 4176 750 4225 de
770 4175 867 4240 Spiritu
887 4175 977 4227 Sancto
997 4182 1082 4228 natum
1102 4181 1208 4229 estnon
1228 4181 1275 4229 eto.
1303 4206 1336 4216 -

142 4262 163 4316 ⁸l
191 4264 332 4320 Chronicon
359 4269 554 4335 Reielrersberg.
582 4272 616 4322 ad
644 4288 738 4323 annum
768 4274 847 4328 1164.
877 4273 971 4328 refert:
1016 4275 1170 4328 Alexander
1196 4276 1268 4341 Papa
1294 4315 1299 4328 .
1329 4317 1335 4329 .

140 4365 166 4414 in
185 4366 277 4430 vigilia
296 4368 441 4419 Natiuitatis
460 4369 623 4423 Domini...
641 4369 819 4423 condemnavit
838 4377 863 4422 ot
881 4375 979 4423 omnino
998 4373 1136 4424 interdixit
1153 4388 1238 4424 omnes
1253 4377 1337 4438 tropos

141 4467 165 4512 et
182 4463 387 4528 indisciplinatas
405 4469 565 4532 quaestiones
585 4470 610 4518 iu
630 4468 781 4530 Theolopia.
798 4467 897 4538 (Editio
916 4471 1033 4522 Gewoldi
1052 4486 1076 4535 p.
1091 4468 1165 4540 217.)
1186 4500 1218 4508 -
1239 4469 1260 4539 ⁴)
1280 4473 1338 4524 sic?
