3172 5202
1244 413 1304 478 163

100 580 267 669 discipulis
300 580 438 664 exemplo
473 577 627 646 dominico
664 579 891 661 ostendentem,
925 598 988 646 non
1009 581 1111 647 solum
1144 602 1180 647 ex
1214 599 1305 666 opere

99 692 269 761 avaritiam
292 693 347 759 sed
369 691 463 757 etiam
486 711 522 758 ex
544 691 700 758 calumnia
735 690 951 776 projicientem
972 710 1067 778 seque
1089 694 1173 760 etin
1196 696 1305 762 ceteris

98 805 141 870 ad
167 805 309 889 exempla
331 802 486 870 dominica
507 806 539 870 et
560 803 775 889 apostolorum
795 806 955 888 gerentem
978 804 1121 890 dicetque
1136 806 1182 872 illi
1198 806 1308 873 Domi·

98 934 161 982 nus
185 934 275 983 mens
299 916 331 981 et
352 931 432 1000 pape
454 931 551 982 meus.

519 1302 630 1371 Gap.
649 1302 900 1362 Lxxxm.

377 1423 468 1493 Visio
489 1423 587 1512 hujus
607 1424 791 1494 schismatis
814 1425 1044 1513 significativa.

206 1609 301 1676 Venit
322 1628 403 1676 nunc
437 1610 469 1676 in
502 1614 640 1676 mentem
673 1611 752 1678 sisio
787 1612 912 1679 cuidam
943 1613 1089 1698 prudenti
1111 1618 1143 1681 et
1164 1615 1308 1700 religioso

101 1723 171 1789 uiro
193 1725 397 1807 praeostensa
418 1721 495 1787 haec
517 1721 587 1807 ipsa
609 1724 753 1807 tempora
774 1723 951 1808 periculosa
972 1725 1171 1810 portendens,
1195 1723 1307 1810 quibus

101 1834 245 1915 ecclesia,
279 1833 361 1900 siout
393 1832 512 1898 dictum
547 1835 604 1915 est,
637 1832 742 1899 trifida
776 1834 923 1901 scissione
944 1832 1077 1902 laborat.
1120 1833 1256 1902 Videbat
1277 1856 1310 1902 se

101 1945 196 2030 qnasi
217 1944 249 2010 in
271 1943 399 2012 ecclesia
421 1940 452 2009 b.
475 1944 561 2010 Petri
592 1943 711 2010 Romae
744 1944 884 2029 positum
906 1965 1033 2012 sursum
1053 1946 1202 2033 aspicere,
1236 1966 1309 2012 eum

102 2076 176 2124 eece
196 2057 230 2122 in
251 2057 389 2142 laqueari
404 2054 429 2137 1)
459 2055 519 2123 duo
541 2056 639 2122 mirae
661 2053 887 2141 magnitudinis
909 2063 1068 2142 serpentes
1091 2058 1207 2144 depicti
1228 2078 1309 2124 unus

102 2169 264 2251 argenteo,
297 2167 377 2233 alius
407 2185 561 2253 purpureo
584 2168 687 2234 colore
721 2167 906 2234 uidebantur
928 2171 961 2234 et
981 2169 1014 2235 in
1033 2169 1135 2236 medio
1168 2169 1309 2255 ipsorum

102 2276 198 2345 arbor
219 2277 335 2344 nimiae
354 2277 538 2359 altitudinis,
562 2278 707 2345 videlicet
728 2297 746 2343 a
768 2279 830 2345 fine
852 2298 951 2364 usque
974 2280 1015 2346 ad
1037 2280 1132 2346 finem
1153 2280 1310 2365 laquearis

102 2391 297 2478 pertingens,
333 2409 411 2475 quae
433 2391 514 2457 inter
535 2391 677 2476 ipsorum
711 2393 895 2474 serpentum
926 2391 1125 2458 latitudinem
1159 2391 1310 2474 quodam·

103 2503 197 2568 modo
232 2504 438 2588 coangustata
470 2519 574 2568 ramos
609 2501 770 2568 extendere
792 2503 894 2568 nullos
917 2504 1050 2584 ualebat,
1089 2503 1144 2568 sed
1167 2519 1309 2586 gemmas

103 2619 211 2682 tamen
245 2616 406 2699 turgentes
429 2615 461 2680 et
482 2611 557 2680 folia
593 2612 746 2697 quaedam
776 2631 846 2680 rara
868 2613 923 2679 sed
944 2610 1073 2699 pinguia
1105 2612 1309 2699 praelerebat,

103 2745 204 2811 usque
226 2725 302 2791 dum
323 2723 410 2809 ipsos
434 2726 591 2809 serpentes
615 2742 672 2790 sua
693 2726 882 2812 proceritate
905 2725 1041 2791 vicisset.
1074 2723 1159 2790 Nam
1181 2725 1254 2806 illic,
1277 2726 1309 2792 in

103 2837 206 2922 spatio
230 2835 374 2903 videlicet
395 2853 414 2900 a
437 2834 632 2921 serpentibus
653 2854 766 2918 vacuo,
789 2855 894 2904 ramos
917 2839 983 2902 arte
1005 2835 1138 2922 pictoria
1160 2836 1308 2903 deductos

104 2947 302 3036 expandebat
334 2947 440 3032 sicque
473 2947 639 3033 uigilatum
661 2953 718 3014 est.
764 2947 925 3014 Visionem
946 2947 1026 3014 hano
1050 2947 1179 3032 quisque
1212 2946 1310 3013 inter·

103 3065 247 3148 pretetur
269 3064 306 3127 ut
327 3061 421 3140 volet,
454 3059 531 3124 mihi
553 3078 626 3125 vero
642 3057 742 3142 'hujus
765 3059 961 3143 portentuosi
982 3059 1132 3142 temporis
1154 3057 1309 3143 signatius

103 3173 237 3239 videtur.
260 3170 345 3238 Nam
359 3189 429 3237 mea
443 3170 659 3250 aestimatione
681 3172 741 3236 duo
763 3169 810 3236 illl
833 3173 993 3256 serpentes
1016 3173 1091 3236 sunt
1112 3168 1166 3234 isti
1188 3169 1310 3234 romani

103 3283 209 3350 vocati
232 3282 400 3349 Pontifices
435 3299 509 3348 snae
529 3282 716 3348 extensionis
739 3281 955 3366 magnitudine
988 3285 1089 3347 totam
1111 3280 1176 3346 fere
1197 3280 1310 3365 ampli-

104 3394 249 3461 tudinem
281 3393 427 3460 ccclesiae
448 3392 507 3457 Dei
529 3392 623 3458 Petro
662 3393 848 3459 commissae
881 3392 1046 3476 implentes
1079 3385 1137 3478 per
1169 3390 1310 3457 membra

104 3504 255 3570 nimirum
277 3504 510 3572 multitudinem
525 3504 585 3571 sibi
600 3503 830 3572 cohaerentium
846 3506 877 3571 et
897 3521 1007 3572 causas
1030 3503 1190 3589 utriusque
1212 3505 1309 3590 partis

105 3613 348 3683 defendentium.
393 3615 533 3698 Quorum
554 3615 645 3682 unius
676 3618 840 3700 argenteus
877 3615 962 3681 color
995 3615 1153 3701 specimen
1174 3615 1310 3700 praefert
1428 3627 1430 3632 “

105 3727 216 3794 nitoris
248 3727 300 3793 uel
327 3725 470 3811 justitiae
501 3729 630 3812 patrum
663 3727 794 3811 eloquiis
828 3726 1037 3812 conscriptam
1072 3725 1201 3792 alterius
1236 3745 1308 3792 uero

106 3838 192 3904 color
214 3855 387 3923 punpureus
419 3838 532 3925 regalis
554 3839 724 3926 potentiae,
759 3856 822 3922 qua
842 3837 965 3918 nititur,
996 3837 1196 3904 eminentiam
1218 3854 1310 3923 prae·

106 3947 261 4036 signabat.
304 3949 426 4035 Nempe
444 3949 611 4018 Alexandri
633 3954 765 4036 papatus
794 3949 929 4016 formam
951 3948 1126 4037 legitimam
1144 3946 1236 4033 juxta
1258 3965 1310 4016 oa·

106 4079 204 4128 nones
228 4059 364 4141 obtinet3
387 4063 466 4129 alter
488 4080 560 4130 uero
582 4062 615 4128 id
637 4063 686 4128 est
703 4061 812 4129 Victor
834 4061 927 4127 etiam
958 4061 1052 4146 vulgo
1074 4078 1154 4146 papa
1176 4059 1311 4144 impera·

106 4173 184 4239 toris
203 4172 392 4241 nominatur.
436 4173 660 4241 Verumtamen
681 4176 812 4257 uterque
835 4188 962 4239 causam
1000 4190 1090 4237 suam
1113 4171 1213 4236 nitore
1236 4189 1310 4237 con·

106 4284 243 4369 scriptae
261 4283 404 4368 justitiae
432 4285 480 4351 vel
502 4288 609 4352 tuetur
630 4284 678 4350 uel
701 4283 818 4367 palliat,
853 4288 983 4367 uterque
1013 4281 1190 4350 defensione
1213 4281 1309 4365 regali

211 4501 231 4571 ¹)
249 4501 306 4556 cod.
326 4501 474 4568 illaqueari.

1152 4577 1210 4648 11*
