<?xml version="1.0" encoding="UTF-8"?>
<!DOCTYPE html PUBLIC "-//W3C//DTD XHTML 1.0 Transitional//EN"
    "http://www.w3.org/TR/xhtml1/DTD/xhtml1-transitional.dtd">
<html xmlns="http://www.w3.org/1999/xhtml" xml:lang="en" lang="en">
 <head>
  <title>
</title>
<meta http-equiv="Content-Type" content="text/html;charset=utf-8" />
  <meta name='ocr-system' content='tesseract 3.04.00' />
  <meta name='ocr-capabilities' content='ocr_page ocr_carea ocr_par ocr_line ocrx_word'/>
</head>
<body>
  <div class='ocr_page' id='page_1' title='image "./operahactenusin00schegoog_0058.png"; bbox 0 0 3158 5212; ppageno 0'>
   <div class='ocr_carea' id='block_1_1' title="bbox 1273 409 1316 476">
    <p class='ocr_par' dir='ltr' id='par_1_1' title="bbox 1273 409 1316 476">
     <span class='ocr_line' id='line_1_1' title="bbox 1273 409 1316 476; baseline 0 0"><span class='ocrx_word' id='word_1_1' title='bbox 1273 409 1316 476; x_wconf 81' lang='lat'><strong>43</strong></span> 
     </span>
    </p>
   </div>
   <div class='ocr_carea' id='block_1_2' title="bbox 1 555 1316 4236">
    <p class='ocr_par' dir='ltr' id='par_1_2' title="bbox 1 555 1319 4011">
     <span class='ocr_line' id='line_1_2' title="bbox 1 555 1315 666; baseline 0.003 -24"><span class='ocrx_word' id='word_1_2' title='bbox 1 555 2 562; x_wconf 7' lang='grc' dir='ltr'>ἵ</span> <span class='ocrx_word' id='word_1_3' title='bbox 116 596 193 644; x_wconf 92' lang='lat' dir='ltr'><strong>ones</strong></span> <span class='ocrx_word' id='word_1_4' title='bbox 216 578 350 664; x_wconf 87' lang='lat' dir='ltr'><strong>majores</strong></span> <span class='ocrx_word' id='word_1_5' title='bbox 373 579 431 645; x_wconf 90' lang='lat' dir='ltr'><strong>his.</strong></span> <span class='ocrx_word' id='word_1_6' title='bbox 477 578 546 646; x_wconf 85' lang='lat' dir='ltr'><strong>Nox</strong></span> <span class='ocrx_word' id='word_1_7' title='bbox 569 582 635 646; x_wconf 89' lang='lat' dir='ltr'><strong>erat</strong></span> <span class='ocrx_word' id='word_1_8' title='bbox 658 582 854 646; x_wconf 87' lang='lat' dir='ltr'><strong>sacrosancta</strong></span> <span class='ocrx_word' id='word_1_9' title='bbox 886 581 998 646; x_wconf 89' lang='lat' dir='ltr'><strong>natalis</strong></span> <span class='ocrx_word' id='word_1_10' title='bbox 1020 581 1156 662; x_wconf 87' lang='lat' dir='ltr'><strong>Domini,</strong></span> <span class='ocrx_word' id='word_1_11' title='bbox 1188 582 1221 646; x_wconf 89' lang='lat' dir='ltr'><strong>in</strong></span> <span class='ocrx_word' id='word_1_12' title='bbox 1253 599 1315 666; x_wconf 88' lang='lat' dir='ltr'><strong>qna</strong></span> 
     </span>
     <span class='ocr_line' id='line_1_3' title="bbox 115 691 1316 777; baseline 0.002 -22"><span class='ocrx_word' id='word_1_13' title='bbox 115 691 273 758; x_wconf 75' lang='lat' dir='ltr'>solemnes</span> <span class='ocrx_word' id='word_1_14' title='bbox 295 708 396 776; x_wconf 84' lang='lat' dir='ltr'><strong>agere,</strong></span> <span class='ocrx_word' id='word_1_15' title='bbox 430 694 466 756; x_wconf 91' lang='grc' dir='ltr'><strong>ιιι</strong></span> <span class='ocrx_word' id='word_1_16' title='bbox 499 699 609 756; x_wconf 89' lang='lat' dir='ltr'><strong>notum</strong></span> <span class='ocrx_word' id='word_1_17' title='bbox 631 695 688 773; x_wconf 82' lang='lat' dir='ltr'><strong>est,</strong></span> <span class='ocrx_word' id='word_1_18' title='bbox 723 692 844 776; x_wconf 83' lang='lat' dir='ltr'><strong>vigilias</strong></span> <span class='ocrx_word' id='word_1_19' title='bbox 867 691 1059 776; x_wconf 80' lang='lat' dir='ltr'><strong>interpositis</strong></span> <span class='ocrx_word' id='word_1_20' title='bbox 1093 711 1216 777; x_wconf 92' lang='lat' dir='ltr'><strong>quoqne</strong></span> <span class='ocrx_word' id='word_1_21' title='bbox 1236 691 1316 758; x_wconf 90' lang='lat' dir='ltr'><strong>Mis·</strong></span> 
     </span>
     <span class='ocr_line' id='line_1_4' title="bbox 113 802 1315 871; baseline 0.002 -3"><span class='ocrx_word' id='word_1_22' title='bbox 113 818 224 868; x_wconf 83' lang='lat' dir='ltr'><strong>aarum</strong></span> <span class='ocrx_word' id='word_1_23' title='bbox 258 802 417 867; x_wconf 89' lang='lat' dir='ltr'><strong>solemniis</strong></span> <span class='ocrx_word' id='word_1_24' title='bbox 448 803 590 867; x_wconf 85' lang='lat' dir='ltr'><strong>universa</strong></span> <span class='ocrx_word' id='word_1_25' title='bbox 624 802 740 870; x_wconf 81' lang='lat' dir='ltr'><strong>Christi</strong></span> <span class='ocrx_word' id='word_1_26' title='bbox 773 803 933 868; x_wconf 84' lang='lat' dir='ltr'><strong>consuevit</strong></span> <span class='ocrx_word' id='word_1_27' title='bbox 966 804 1104 871; x_wconf 87' lang='lat' dir='ltr'><strong>ecclesia.</strong></span> <span class='ocrx_word' id='word_1_28' title='bbox 1147 805 1185 870; x_wconf 95' lang='lat' dir='ltr'><strong>ln</strong></span> <span class='ocrx_word' id='word_1_29' title='bbox 1206 805 1264 870; x_wconf 90' lang='lat' dir='ltr'><strong>hac</strong></span> <span class='ocrx_word' id='word_1_30' title='bbox 1287 805 1315 870; x_wconf 94' lang='lat' dir='ltr'><strong>ei</strong></span> 
     </span>
     <span class='ocr_line' id='line_1_5' title="bbox 113 912 1314 998; baseline 0.002 -21"><span class='ocrx_word' id='word_1_31' title='bbox 113 913 271 978; x_wconf 82' lang='lat' dir='ltr'><strong>solemnes</strong></span> <span class='ocrx_word' id='word_1_32' title='bbox 289 931 381 998; x_wconf 91' lang='lat' dir='ltr'><strong>agere</strong></span> <span class='ocrx_word' id='word_1_33' title='bbox 402 912 523 978; x_wconf 90' lang='lat' dir='ltr'><strong>diabolo</strong></span> <span class='ocrx_word' id='word_1_34' title='bbox 547 913 668 998; x_wconf 83' lang='lat' dir='ltr'><strong>vigilias</strong></span> <span class='ocrx_word' id='word_1_35' title='bbox 683 914 859 980; x_wconf 89' lang='lat' dir='ltr'><strong>christianis</strong></span> <span class='ocrx_word' id='word_1_36' title='bbox 875 914 988 998; x_wconf 85' lang='lat' dir='ltr'><strong>vigiliis</strong></span> <span class='ocrx_word' id='word_1_37' title='bbox 1005 915 1129 980; x_wconf 92' lang='lat' dir='ltr'><strong>omnino</strong></span> <span class='ocrx_word' id='word_1_38' title='bbox 1145 914 1314 980; x_wconf 88' lang='lat' dir='ltr'><strong>contrarias</strong></span> 
     </span>
     <span class='ocr_line' id='line_1_6' title="bbox 112 1023 1315 1111; baseline 0.002 -22"><span class='ocrx_word' id='word_1_39' title='bbox 112 1041 151 1089; x_wconf 88' lang='lat' dir='ltr'><strong>ex</strong></span> <span class='ocrx_word' id='word_1_40' title='bbox 172 1024 360 1089; x_wconf 89' lang='lat' dir='ltr'><strong>daemonnm</strong></span> <span class='ocrx_word' id='word_1_41' title='bbox 382 1025 465 1090; x_wconf 90' lang='lat' dir='ltr'><strong>haud</strong></span> <span class='ocrx_word' id='word_1_42' title='bbox 487 1023 579 1090; x_wconf 89' lang='lat' dir='ltr'><strong>dubie</strong></span> <span class='ocrx_word' id='word_1_43' title='bbox 601 1043 695 1090; x_wconf 90' lang='lat' dir='ltr'><strong>suasu</strong></span> <span class='ocrx_word' id='word_1_44' title='bbox 717 1027 916 1111; x_wconf 88' lang='lat' dir='ltr'><strong>complacuit,</strong></span> <span class='ocrx_word' id='word_1_45' title='bbox 954 1027 986 1090; x_wconf 93' lang='lat' dir='ltr'><strong>in</strong></span> <span class='ocrx_word' id='word_1_46' title='bbox 1008 1024 1121 1110; x_wconf 88' lang='lat' dir='ltr'><strong>quibus</strong></span> <span class='ocrx_word' id='word_1_47' title='bbox 1144 1029 1174 1091; x_wconf 93' lang='lat' dir='ltr'><strong>et</strong></span> <span class='ocrx_word' id='word_1_48' title='bbox 1197 1026 1315 1092; x_wconf 88' lang='lat' dir='ltr'><strong>sacrifi·</strong></span> 
     </span>
     <span class='ocr_line' id='line_1_7' title="bbox 111 1132 1313 1221; baseline 0.005 -24"><span class='ocrx_word' id='word_1_49' title='bbox 111 1132 198 1198; x_wconf 92' lang='lat' dir='ltr'><strong>cium</strong></span> <span class='ocrx_word' id='word_1_50' title='bbox 221 1134 389 1207; x_wconf 85' lang='lat' dir='ltr'><strong>christiano</strong></span> <span class='ocrx_word' id='word_1_51' title='bbox 413 1134 563 1201; x_wconf 89' lang='lat' dir='ltr'><strong>sacrificio</strong></span> <span class='ocrx_word' id='word_1_52' title='bbox 585 1137 711 1221; x_wconf 91' lang='lat' dir='ltr'><strong>penitus</strong></span> <span class='ocrx_word' id='word_1_53' title='bbox 734 1138 924 1202; x_wconf 89' lang='lat' dir='ltr'><strong>contrarium</strong></span> <span class='ocrx_word' id='word_1_54' title='bbox 945 1139 1013 1203; x_wconf 89' lang='lat' dir='ltr'><strong>loco</strong></span> <span class='ocrx_word' id='word_1_55' title='bbox 1036 1137 1152 1203; x_wconf 89' lang='lat' dir='ltr'><strong>Missae</strong></span> <span class='ocrx_word' id='word_1_56' title='bbox 1173 1137 1313 1204; x_wconf 89' lang='lat' dir='ltr'><strong>inseruit.</strong></span> 
     </span>
     <span class='ocr_line' id='line_1_8' title="bbox 110 1244 1313 1332; baseline 0.004 -23"><span class='ocrx_word' id='word_1_57' title='bbox 110 1244 234 1310; x_wconf 86' lang='lat' dir='ltr'><strong>Aderat</strong></span> <span class='ocrx_word' id='word_1_58' title='bbox 254 1245 298 1312; x_wconf 91' lang='lat' dir='ltr'><strong>ibi</strong></span> <span class='ocrx_word' id='word_1_59' title='bbox 320 1247 549 1332; x_wconf 88' lang='lat' dir='ltr'><strong>impudicorum</strong></span> <span class='ocrx_word' id='word_1_60' title='bbox 571 1266 645 1332; x_wconf 82' lang='lat' dir='ltr'><strong>grex</strong></span> <span class='ocrx_word' id='word_1_61' title='bbox 667 1267 702 1312; x_wconf 86' lang='lat' dir='ltr'><strong>er</strong></span> <span class='ocrx_word' id='word_1_62' title='bbox 725 1249 843 1314; x_wconf 85' lang='lat' dir='ltr'><strong>clericis</strong></span> <span class='ocrx_word' id='word_1_63' title='bbox 859 1250 891 1314; x_wconf 91' lang='lat' dir='ltr'><strong>et</strong></span> <span class='ocrx_word' id='word_1_64' title='bbox 904 1249 991 1314; x_wconf 88' lang='lat' dir='ltr'><strong>laicis</strong></span> <span class='ocrx_word' id='word_1_65' title='bbox 1007 1249 1160 1314; x_wconf 88' lang='lat' dir='ltr'><strong>adunatus</strong></span> <span class='ocrx_word' id='word_1_66' title='bbox 1172 1248 1313 1332; x_wconf 87' lang='lat' dir='ltr'><strong>singulis,</strong></span> 
     </span>
     <span class='ocr_line' id='line_1_9' title="bbox 114 1354 1313 1443; baseline 0.003 -23"><span class='ocrx_word' id='word_1_67' title='bbox 114 1359 154 1422; x_wconf 92' lang='lat' dir='ltr'><strong>nt</strong></span> <span class='ocrx_word' id='word_1_68' title='bbox 174 1354 285 1437; x_wconf 85' lang='lat' dir='ltr'><strong>fertur,</strong></span> <span class='ocrx_word' id='word_1_69' title='bbox 308 1358 439 1443; x_wconf 90' lang='lat' dir='ltr'><strong>psalmis</strong></span> <span class='ocrx_word' id='word_1_70' title='bbox 474 1357 708 1424; x_wconf 82' lang='lat' dir='ltr'><strong>allectionibus</strong></span> <span class='ocrx_word' id='word_1_71' title='bbox 732 1362 834 1424; x_wconf 89' lang='lat' dir='ltr'><strong>scorta</strong></span> <span class='ocrx_word' id='word_1_72' title='bbox 855 1359 1052 1427; x_wconf 85' lang='lat' dir='ltr'><strong>interserens.</strong></span> <span class='ocrx_word' id='word_1_73' title='bbox 1095 1358 1158 1426; x_wconf 91' lang='lat' dir='ltr'><strong>Ubi</strong></span> <span class='ocrx_word' id='word_1_74' title='bbox 1180 1378 1252 1424; x_wconf 79' lang='lat' dir='ltr'><strong>uero</strong></span> <span class='ocrx_word' id='word_1_75' title='bbox 1273 1358 1313 1425; x_wconf 89' lang='lat' dir='ltr'><strong>ad</strong></span> 
     </span>
     <span class='ocr_line' id='line_1_10' title="bbox 107 1466 1313 1558; baseline 0.005 -24"><span class='ocrx_word' id='word_1_76' title='bbox 107 1466 230 1534; x_wconf 87' lang='lat' dir='ltr'><strong>Missae</strong></span> <span class='ocrx_word' id='word_1_77' title='bbox 252 1471 284 1534; x_wconf 90' lang='lat' dir='ltr'><strong>et</strong></span> <span class='ocrx_word' id='word_1_78' title='bbox 313 1469 456 1536; x_wconf 87' lang='lat' dir='ltr'><strong>sacrificii</strong></span> <span class='ocrx_word' id='word_1_79' title='bbox 477 1471 580 1534; x_wconf 92' lang='lat' dir='ltr'><strong>locum</strong></span> <span class='ocrx_word' id='word_1_80' title='bbox 616 1473 744 1535; x_wconf 87' lang='lat' dir='ltr'><strong>rentum</strong></span> <span class='ocrx_word' id='word_1_81' title='bbox 766 1472 823 1550; x_wconf 87' lang='lat' dir='ltr'><strong>est,</strong></span> <span class='ocrx_word' id='word_1_82' title='bbox 848 1470 952 1535; x_wconf 92' lang='lat' dir='ltr'><strong>omnia</strong></span> <span class='ocrx_word' id='word_1_83' title='bbox 973 1471 1094 1538; x_wconf 80' lang='lat' dir='ltr'><strong>inverse</strong></span> <span class='ocrx_word' id='word_1_84' title='bbox 1116 1476 1147 1538; x_wconf 89' lang='lat' dir='ltr'><strong>et</strong></span> <span class='ocrx_word' id='word_1_85' title='bbox 1167 1489 1313 1558; x_wconf 80' lang='lat' dir='ltr'><strong>perverse</strong></span> 
     </span>
     <span class='ocr_line' id='line_1_11' title="bbox 107 1579 1312 1668; baseline 0.007 -26"><span class='ocrx_word' id='word_1_86' title='bbox 107 1595 146 1644; x_wconf 92' lang='lat' dir='ltr'><strong>ac</strong></span> <span class='ocrx_word' id='word_1_87' title='bbox 170 1579 334 1646; x_wconf 76' lang='lat' dir='ltr'><strong>sanctitati</strong></span> <span class='ocrx_word' id='word_1_88' title='bbox 367 1582 522 1646; x_wconf 89' lang='lat' dir='ltr'><strong>contraria</strong></span> <span class='ocrx_word' id='word_1_89' title='bbox 554 1580 751 1665; x_wconf 82' lang='lat' dir='ltr'><strong>gerebantur,</strong></span> <span class='ocrx_word' id='word_1_90' title='bbox 784 1581 829 1647; x_wconf 89' lang='lat' dir='ltr'><strong>ita</strong></span> <span class='ocrx_word' id='word_1_91' title='bbox 861 1585 897 1647; x_wconf 90' lang='lat' dir='ltr'><strong>ut</strong></span> <span class='ocrx_word' id='word_1_92' title='bbox 928 1602 986 1668; x_wconf 93' lang='lat' dir='ltr'><strong>pro</strong></span> <span class='ocrx_word' id='word_1_93' title='bbox 1021 1584 1134 1648; x_wconf 90' lang='lat' dir='ltr'><strong>osculis</strong></span> <span class='ocrx_word' id='word_1_94' title='bbox 1169 1585 1312 1650; x_wconf 88' lang='lat' dir='ltr'><strong>sacerdos</strong></span> 
     </span>
     <span class='ocr_line' id='line_1_12' title="bbox 107 1691 1314 1781; baseline 0.006 -25"><span class='ocrx_word' id='word_1_95' title='bbox 107 1691 264 1776; x_wconf 88' lang='lat' dir='ltr'><strong>profanus</strong></span> <span class='ocrx_word' id='word_1_96' title='bbox 297 1696 329 1758; x_wconf 90' lang='lat' dir='ltr'><strong>et</strong></span> <span class='ocrx_word' id='word_1_97' title='bbox 365 1692 499 1758; x_wconf 88' lang='lat' dir='ltr'><strong>ministri</strong></span> <span class='ocrx_word' id='word_1_98' title='bbox 532 1693 673 1778; x_wconf 79' lang='lat' dir='ltr'><strong>sacrilegi</strong></span> <span class='ocrx_word' id='word_1_99' title='bbox 710 1694 808 1760; x_wconf 88' lang='lat' dir='ltr'><strong>altare</strong></span> <span class='ocrx_word' id='word_1_100' title='bbox 842 1696 1015 1781; x_wconf 90' lang='lat' dir='ltr'><strong>posteriore</strong></span> <span class='ocrx_word' id='word_1_101' title='bbox 1048 1696 1187 1781; x_wconf 89' lang='lat' dir='ltr'><strong>corporis</strong></span> <span class='ocrx_word' id='word_1_102' title='bbox 1223 1699 1314 1781; x_wconf 90' lang='lat' dir='ltr'><strong>parte</strong></span> 
     </span>
     <span class='ocr_line' id='line_1_13' title="bbox 107 1803 1314 1890; baseline 0.004 -22"><span class='ocrx_word' id='word_1_103' title='bbox 107 1803 229 1868; x_wconf 88' lang='lat' dir='ltr'><strong>nudata</strong></span> <span class='ocrx_word' id='word_1_104' title='bbox 262 1804 486 1888; x_wconf 88' lang='lat' dir='ltr'><strong>contingerent.</strong></span> <span class='ocrx_word' id='word_1_105' title='bbox 530 1804 621 1885; x_wconf 82' lang='lat' dir='ltr'><strong>Quae</strong></span> <span class='ocrx_word' id='word_1_106' title='bbox 642 1803 686 1869; x_wconf 93' lang='lat' dir='ltr'><strong>ibi</strong></span> <span class='ocrx_word' id='word_1_107' title='bbox 709 1824 839 1890; x_wconf 89' lang='lat' dir='ltr'><strong>spurcae</strong></span> <span class='ocrx_word' id='word_1_108' title='bbox 872 1805 1073 1873; x_wconf 78' lang='lat' dir='ltr'><strong>delibationes</strong></span> <span class='ocrx_word' id='word_1_109' title='bbox 1106 1805 1228 1872; x_wconf 90' lang='lat' dir='ltr'><strong>oblatae</strong></span> <span class='ocrx_word' id='word_1_110' title='bbox 1251 1807 1314 1873; x_wconf 90' lang='lat' dir='ltr'><strong>sint</strong></span> 
     </span>
     <span class='ocr_line' id='line_1_14' title="bbox 107 1912 1313 1998; baseline 0.006 -20"><span class='ocrx_word' id='word_1_111' title='bbox 107 1929 208 1998; x_wconf 89' lang='lat' dir='ltr'><strong>parco</strong></span> <span class='ocrx_word' id='word_1_112' title='bbox 242 1913 352 1994; x_wconf 84' lang='lat' dir='ltr'><strong>dicere,</strong></span> <span class='ocrx_word' id='word_1_113' title='bbox 387 1932 425 1978; x_wconf 92' lang='lat' dir='ltr'><strong>ne</strong></span> <span class='ocrx_word' id='word_1_114' title='bbox 454 1912 608 1980; x_wconf 90' lang='lat' dir='ltr'><strong>dicentem</strong></span> <span class='ocrx_word' id='word_1_115' title='bbox 629 1917 727 1982; x_wconf 93' lang='lat' dir='ltr'><strong>lector</strong></span> <span class='ocrx_word' id='word_1_116' title='bbox 760 1933 821 1981; x_wconf 92' lang='lat' dir='ltr'><strong>una</strong></span> <span class='ocrx_word' id='word_1_117' title='bbox 855 1937 926 1982; x_wconf 90' lang='lat' dir='ltr'><strong>curn</strong></span> <span class='ocrx_word' id='word_1_118' title='bbox 959 1917 1108 1984; x_wconf 87' lang='lat' dir='ltr'><strong>sacrificio</strong></span> <span class='ocrx_word' id='word_1_119' title='bbox 1132 1918 1313 1986; x_wconf 89' lang='lat' dir='ltr'><strong>detestetur.</strong></span> 
     </span>
     <span class='ocr_line' id='line_1_15' title="bbox 106 2023 1311 2113; baseline 0.003 -23"><span class='ocrx_word' id='word_1_120' title='bbox 106 2023 224 2090; x_wconf 87' lang='lat' dir='ltr'><strong>Omnia</strong></span> <span class='ocrx_word' id='word_1_121' title='bbox 247 2028 353 2090; x_wconf 79' lang='lat' dir='ltr'><strong>nmen</strong></span> <span class='ocrx_word' id='word_1_122' title='bbox 376 2024 518 2090; x_wconf 87' lang='lat' dir='ltr'><strong>feruntur</strong></span> <span class='ocrx_word' id='word_1_123' title='bbox 541 2029 698 2111; x_wconf 84' lang='lat' dir='ltr'><strong>spermate</strong></span> <span class='ocrx_word' id='word_1_124' title='bbox 719 2027 854 2093; x_wconf 91' lang='lat' dir='ltr'><strong>humano</strong></span> <span class='ocrx_word' id='word_1_125' title='bbox 875 2027 972 2095; x_wconf 83' lang='lat' dir='ltr'><strong>inisse</strong></span> <span class='ocrx_word' id='word_1_126' title='bbox 994 2028 1127 2096; x_wconf 84' lang='lat' dir='ltr'><strong>foedata.</strong></span> <span class='ocrx_word' id='word_1_127' title='bbox 1160 2029 1232 2094; x_wconf 90' lang='lat' dir='ltr'><strong>Vidi</strong></span> <span class='ocrx_word' id='word_1_128' title='bbox 1254 2047 1311 2113; x_wconf 89' lang='lat' dir='ltr'><strong>ego</strong></span> 
     </span>
     <span class='ocr_line' id='line_1_16' title="bbox 105 2137 1313 2226; baseline 0.005 -26"><span class='ocrx_word' id='word_1_129' title='bbox 105 2137 179 2222; x_wconf 90' lang='lat' dir='ltr'><strong>ipse</strong></span> <span class='ocrx_word' id='word_1_130' title='bbox 208 2137 420 2222; x_wconf 89' lang='lat' dir='ltr'><strong>episcopalem</strong></span> <span class='ocrx_word' id='word_1_131' title='bbox 452 2138 539 2202; x_wconf 88' lang='lat' dir='ltr'><strong>illam</strong></span> <span class='ocrx_word' id='word_1_132' title='bbox 573 2139 726 2222; x_wconf 90' lang='lat' dir='ltr'><strong>capellam</strong></span> <span class='ocrx_word' id='word_1_133' title='bbox 745 2139 777 2202; x_wconf 92' lang='lat' dir='ltr'><strong>in</strong></span> <span class='ocrx_word' id='word_1_134' title='bbox 799 2140 924 2206; x_wconf 87' lang='lat' dir='ltr'><strong>civitate</strong></span> <span class='ocrx_word' id='word_1_135' title='bbox 959 2140 1130 2206; x_wconf 88' lang='lat' dir='ltr'><strong>Ratisbona</strong></span> <span class='ocrx_word' id='word_1_136' title='bbox 1163 2159 1221 2226; x_wconf 91' lang='lat' dir='ltr'><strong>pro</strong></span> <span class='ocrx_word' id='word_1_137' title='bbox 1256 2142 1313 2206; x_wconf 89' lang='lat' dir='ltr'><strong>tali</strong></span> 
     </span>
     <span class='ocr_line' id='line_1_17' title="bbox 108 2247 1312 2338; baseline 0.002 -22"><span class='ocrx_word' id='word_1_138' title='bbox 108 2248 265 2316; x_wconf 86' lang='lat' dir='ltr'><strong>sacrificio</strong></span> <span class='ocrx_word' id='word_1_139' title='bbox 287 2248 398 2314; x_wconf 88' lang='lat' dir='ltr'><strong>merito</strong></span> <span class='ocrx_word' id='word_1_140' title='bbox 413 2247 620 2333; x_wconf 89' lang='lat' dir='ltr'><strong>profanatam.</strong></span> <span class='ocrx_word' id='word_1_141' title='bbox 644 2249 685 2315; x_wconf 81' lang='grc' dir='ltr'>Ει</span> <span class='ocrx_word' id='word_1_142' title='bbox 708 2249 841 2332; x_wconf 90' lang='lat' dir='ltr'><strong>quidde</strong></span> <span class='ocrx_word' id='word_1_143' title='bbox 864 2251 1073 2318; x_wconf 90' lang='lat' dir='ltr'><strong>hocomninm</strong></span> <span class='ocrx_word' id='word_1_144' title='bbox 1086 2253 1312 2338; x_wconf 88' lang='lat' dir='ltr'><strong>flagitiosorum</strong></span> 
     </span>
     <span class='ocr_line' id='line_1_18' title="bbox 105 2360 1313 2450; baseline 0.002 -22"><span class='ocrx_word' id='word_1_145' title='bbox 105 2362 291 2447; x_wconf 85' lang='lat' dir='ltr'><strong>praeposito</strong></span> <span class='ocrx_word' id='word_1_146' title='bbox 312 2360 495 2442; x_wconf 82' lang='lat' dir='ltr'><strong>existimem,</strong></span> <span class='ocrx_word' id='word_1_147' title='bbox 519 2361 580 2428; x_wconf 91' lang='lat' dir='ltr'><strong>nisi</strong></span> <span class='ocrx_word' id='word_1_148' title='bbox 601 2362 798 2447; x_wconf 84' lang='lat' dir='ltr'><strong>Beelphegor</strong></span> <span class='ocrx_word' id='word_1_149' title='bbox 819 2365 1002 2450; x_wconf 89' lang='lat' dir='ltr'><strong>peripsum</strong></span> <span class='ocrx_word' id='word_1_150' title='bbox 1024 2383 1092 2430; x_wconf 91' lang='lat' dir='ltr'><strong>esse</strong></span> <span class='ocrx_word' id='word_1_151' title='bbox 1115 2382 1313 2431; x_wconf 90' lang='lat' dir='ltr'><strong>consumma·</strong></span> 
     </span>
     <span class='ocr_line' id='line_1_19' title="bbox 105 2473 1312 2559; baseline 0.002 -21"><span class='ocrx_word' id='word_1_152' title='bbox 105 2477 189 2553; x_wconf 83' lang='lat' dir='ltr'><strong>tum,</strong></span> <span class='ocrx_word' id='word_1_153' title='bbox 222 2491 317 2556; x_wconf 90' lang='lat' dir='ltr'><strong>quem</strong></span> <span class='ocrx_word' id='word_1_154' title='bbox 337 2473 455 2558; x_wconf 90' lang='lat' dir='ltr'><strong>legitur</strong></span> <span class='ocrx_word' id='word_1_155' title='bbox 482 2475 630 2558; x_wconf 89' lang='lat' dir='ltr'><strong>qnoniam</strong></span> <span class='ocrx_word' id='word_1_156' title='bbox 644 2474 668 2559; x_wconf 89' lang='lat'><strong>¹)</strong></span> <span class='ocrx_word' id='word_1_157' title='bbox 701 2474 758 2542; x_wconf 85' lang='lat' dir='ltr'><strong>dlii</strong></span> <span class='ocrx_word' id='word_1_158' title='bbox 780 2477 878 2541; x_wconf 88' lang='lat' dir='ltr'><strong>Israel</strong></span> <span class='ocrx_word' id='word_1_159' title='bbox 898 2476 931 2539; x_wconf 94' lang='lat' dir='ltr'><strong>in</strong></span> <span class='ocrx_word' id='word_1_160' title='bbox 952 2476 1073 2540; x_wconf 92' lang='lat' dir='ltr'><strong>deserto</strong></span> <span class='ocrx_word' id='word_1_161' title='bbox 1097 2494 1169 2540; x_wconf 92' lang='lat' dir='ltr'><strong>curn</strong></span> <span class='ocrx_word' id='word_1_162' title='bbox 1188 2475 1312 2541; x_wconf 88' lang='lat' dir='ltr'><strong>filiabus</strong></span> 
     </span>
     <span class='ocr_line' id='line_1_20' title="bbox 106 2584 1313 2670; baseline 0 -20"><span class='ocrx_word' id='word_1_163' title='bbox 106 2585 239 2650; x_wconf 82' lang='lat' dir='ltr'><strong>Madian</strong></span> <span class='ocrx_word' id='word_1_164' title='bbox 261 2589 335 2651; x_wconf 88' lang='lat' dir='ltr'><strong>sunt</strong></span> <span class='ocrx_word' id='word_1_165' title='bbox 355 2585 478 2651; x_wconf 90' lang='lat' dir='ltr'><strong>initiati.</strong></span> <span class='ocrx_word' id='word_1_166' title='bbox 501 2584 584 2650; x_wconf 86' lang='lat' dir='ltr'><strong>Nam</strong></span> <span class='ocrx_word' id='word_1_167' title='bbox 598 2588 741 2670; x_wconf 84' lang='lat' dir='ltr'><strong>quamvis</strong></span> <span class='ocrx_word' id='word_1_168' title='bbox 755 2588 859 2652; x_wconf 87' lang='lat' dir='ltr'><strong>omnia</strong></span> <span class='ocrx_word' id='word_1_169' title='bbox 874 2585 948 2652; x_wconf 89' lang='lat' dir='ltr'><strong>haec</strong></span> <span class='ocrx_word' id='word_1_170' title='bbox 971 2591 1001 2652; x_wconf 90' lang='lat' dir='ltr'><strong>et</strong></span> <span class='ocrx_word' id='word_1_171' title='bbox 1022 2586 1113 2670; x_wconf 91' lang='lat' dir='ltr'><strong>plura</strong></span> <span class='ocrx_word' id='word_1_172' title='bbox 1134 2586 1193 2668; x_wconf 86' lang='lat' dir='ltr'><strong>his,</strong></span> <span class='ocrx_word' id='word_1_173' title='bbox 1214 2603 1313 2670; x_wconf 91' lang='lat' dir='ltr'><strong>qnan-</strong></span> 
     </span>
     <span class='ocr_line' id='line_1_21' title="bbox 107 2696 1311 2784; baseline -0.001 -22"><span class='ocrx_word' id='word_1_174' title='bbox 107 2704 181 2762; x_wconf 85' lang='lat' dir='ltr'><strong>tum</strong></span> <span class='ocrx_word' id='word_1_175' title='bbox 202 2696 271 2762; x_wconf 90' lang='lat' dir='ltr'><strong>fieri</strong></span> <span class='ocrx_word' id='word_1_176' title='bbox 292 2700 425 2783; x_wconf 89' lang='lat' dir='ltr'><strong>poterat,</strong></span> <span class='ocrx_word' id='word_1_177' title='bbox 460 2696 639 2764; x_wconf 87' lang='lat' dir='ltr'><strong>abscondite</strong></span> <span class='ocrx_word' id='word_1_178' title='bbox 662 2698 834 2784; x_wconf 88' lang='lat' dir='ltr'><strong>agebantur</strong></span> <span class='ocrx_word' id='word_1_179' title='bbox 866 2717 923 2784; x_wconf 89' lang='lat' dir='ltr'><strong>per</strong></span> <span class='ocrx_word' id='word_1_180' title='bbox 944 2715 996 2762; x_wconf 90' lang='lat' dir='ltr'><strong>eas</strong></span> <span class='ocrx_word' id='word_1_181' title='bbox 1019 2701 1123 2762; x_wconf 87' lang='lat' dir='ltr'><strong>tamen</strong></span> <span class='ocrx_word' id='word_1_182' title='bbox 1142 2701 1311 2777; x_wconf 85' lang='lat' dir='ltr'><strong>matronas,</strong></span> 
     </span>
     <span class='ocr_line' id='line_1_22' title="bbox 107 2807 1311 2894; baseline -0.001 -21"><span class='ocrx_word' id='word_1_183' title='bbox 107 2825 192 2892; x_wconf 90' lang='lat' dir='ltr'><strong>quae</strong></span> <span class='ocrx_word' id='word_1_184' title='bbox 213 2808 329 2874; x_wconf 85' lang='lat' dir='ltr'><strong>invitae</strong></span> <span class='ocrx_word' id='word_1_185' title='bbox 351 2813 384 2874; x_wconf 91' lang='grc' dir='ltr'><strong>ιι</strong></span> <span class='ocrx_word' id='word_1_186' title='bbox 405 2809 546 2894; x_wconf 83' lang='lat' dir='ltr'><strong>captivae</strong></span> <span class='ocrx_word' id='word_1_187' title='bbox 558 2809 782 2877; x_wconf 88' lang='lat' dir='ltr'><strong>adhibebantur</strong></span> <span class='ocrx_word' id='word_1_188' title='bbox 804 2810 899 2878; x_wconf 90' lang='lat' dir='ltr'><strong>sacris</strong></span> <span class='ocrx_word' id='word_1_189' title='bbox 921 2807 1047 2874; x_wconf 78' lang='lat' dir='ltr'><strong>nefariis</strong></span> <span class='ocrx_word' id='word_1_190' title='bbox 1069 2827 1185 2892; x_wconf 87' lang='lat' dir='ltr'><strong>perque</strong></span> <span class='ocrx_word' id='word_1_191' title='bbox 1207 2808 1311 2873; x_wconf 82' lang='lat' dir='ltr'><strong>uxoris</strong></span> 
     </span>
     <span class='ocr_line' id='line_1_23' title="bbox 107 2918 1311 3005; baseline 0 -20"><span class='ocrx_word' id='word_1_192' title='bbox 107 2919 258 3005; x_wconf 89' lang='lat' dir='ltr'><strong>propriae</strong></span> <span class='ocrx_word' id='word_1_193' title='bbox 280 2918 421 3004; x_wconf 88' lang='lat' dir='ltr'><strong>publicas</strong></span> <span class='ocrx_word' id='word_1_194' title='bbox 445 2923 569 2987; x_wconf 89' lang='lat' dir='ltr'><strong>tandem</strong></span> <span class='ocrx_word' id='word_1_195' title='bbox 591 2922 817 3005; x_wconf 89' lang='lat' dir='ltr'><strong>quaerimonias</strong></span> <span class='ocrx_word' id='word_1_196' title='bbox 841 2922 962 2987; x_wconf 90' lang='lat' dir='ltr'><strong>detecta</strong></span> <span class='ocrx_word' id='word_1_197' title='bbox 985 2922 1068 2986; x_wconf 87' lang='lat' dir='ltr'><strong>sunt.</strong></span> <span class='ocrx_word' id='word_1_198' title='bbox 1092 2920 1215 2986; x_wconf 80' lang='lat' dir='ltr'><strong>Etenim</strong></span> <span class='ocrx_word' id='word_1_199' title='bbox 1236 2923 1311 3005; x_wconf 91' lang='lat' dir='ltr'><strong>post</strong></span> 
     </span>
     <span class='ocr_line' id='line_1_24' title="bbox 107 3030 1310 3117; baseline 0.002 -21"><span class='ocrx_word' id='word_1_200' title='bbox 107 3031 202 3096; x_wconf 89' lang='lat' dir='ltr'><strong>nnius</strong></span> <span class='ocrx_word' id='word_1_201' title='bbox 225 3031 329 3096; x_wconf 82' lang='lat' dir='ltr'><strong>uxoris</strong></span> <span class='ocrx_word' id='word_1_202' title='bbox 353 3030 473 3096; x_wconf 93' lang='lat' dir='ltr'><strong>obitum</strong></span> <span class='ocrx_word' id='word_1_203' title='bbox 494 3051 531 3098; x_wconf 84' lang='lat' dir='ltr'><strong>er</strong></span> <span class='ocrx_word' id='word_1_204' title='bbox 552 3051 614 3116; x_wconf 90' lang='lat' dir='ltr'><strong>qua</strong></span> <span class='ocrx_word' id='word_1_205' title='bbox 636 3037 668 3098; x_wconf 94' lang='lat' dir='ltr'><strong>et</strong></span> <span class='ocrx_word' id='word_1_206' title='bbox 690 3033 805 3099; x_wconf 88' lang='lat' dir='ltr'><strong>liberos</strong></span> <span class='ocrx_word' id='word_1_207' title='bbox 828 3033 929 3099; x_wconf 89' lang='lat' dir='ltr'><strong>adhuc</strong></span> <span class='ocrx_word' id='word_1_208' title='bbox 952 3032 1033 3097; x_wconf 90' lang='lat' dir='ltr'><strong>circa</strong></span> <span class='ocrx_word' id='word_1_209' title='bbox 1054 3031 1209 3117; x_wconf 87' lang='lat' dir='ltr'><strong>principia</strong></span> <span class='ocrx_word' id='word_1_210' title='bbox 1222 3031 1310 3117; x_wconf 89' lang='lat' dir='ltr'><strong>regni</strong></span> 
     </span>
     <span class='ocr_line' id='line_1_25' title="bbox 108 3139 1311 3229; baseline 0 -21"><span class='ocrx_word' id='word_1_211' title='bbox 108 3143 169 3223; x_wconf 87' lang='lat' dir='ltr'><strong>sui,</strong></span> <span class='ocrx_word' id='word_1_212' title='bbox 203 3145 240 3207; x_wconf 90' lang='lat' dir='ltr'><strong>nt</strong></span> <span class='ocrx_word' id='word_1_213' title='bbox 259 3139 367 3222; x_wconf 65' lang='lat' dir='ltr'><strong>femur,</strong></span> <span class='ocrx_word' id='word_1_214' title='bbox 400 3142 561 3208; x_wconf 90' lang='lat' dir='ltr'><strong>honestior</strong></span> <span class='ocrx_word' id='word_1_215' title='bbox 589 3144 719 3211; x_wconf 87' lang='lat' dir='ltr'><strong>honeste</strong></span> <span class='ocrx_word' id='word_1_216' title='bbox 746 3139 964 3229; x_wconf 58' lang='lat' dir='ltr'><strong>susceperaffl)</strong></span> <span class='ocrx_word' id='word_1_217' title='bbox 998 3162 1093 3227; x_wconf 91' lang='lat' dir='ltr'><strong>qnam</strong></span> <span class='ocrx_word' id='word_1_218' title='bbox 1116 3143 1311 3209; x_wconf 88' lang='lat' dir='ltr'><strong>Dominusa</strong></span> 
     </span>
     <span class='ocr_line' id='line_1_26' title="bbox 106 3250 1311 3340; baseline 0.001 -22"><span class='ocrx_word' id='word_1_219' title='bbox 106 3252 188 3320; x_wconf 77' lang='lat' dir='ltr'><strong>facie</strong></span> <span class='ocrx_word' id='word_1_220' title='bbox 220 3250 313 3336; x_wconf 87' lang='lat' dir='ltr'><strong>hujus</strong></span> <span class='ocrx_word' id='word_1_221' title='bbox 344 3251 519 3336; x_wconf 88' lang='lat' dir='ltr'><strong>iniquitatis</strong></span> <span class='ocrx_word' id='word_1_222' title='bbox 548 3260 726 3340; x_wconf 90' lang='lat' dir='ltr'><strong>gementem</strong></span> <span class='ocrx_word' id='word_1_223' title='bbox 749 3259 780 3322; x_wconf 91' lang='lat' dir='ltr'><strong>et</strong></span> <span class='ocrx_word' id='word_1_224' title='bbox 802 3256 959 3322; x_wconf 89' lang='lat' dir='ltr'><strong>dolentem</strong></span> <span class='ocrx_word' id='word_1_225' title='bbox 992 3256 1232 3322; x_wconf 88' lang='lat' dir='ltr'><strong>misericorditer</strong></span> <span class='ocrx_word' id='word_1_226' title='bbox 1254 3253 1311 3320; x_wconf 90' lang='lat' dir='ltr'><strong>ab·</strong></span> 
     </span>
     <span class='ocr_line' id='line_1_27' title="bbox 108 3364 1308 3449; baseline 0 -17"><span class='ocrx_word' id='word_1_227' title='bbox 108 3366 212 3445; x_wconf 85' lang='lat' dir='ltr'><strong>stulit,</strong></span> <span class='ocrx_word' id='word_1_228' title='bbox 245 3365 338 3429; x_wconf 90' lang='lat' dir='ltr'><strong>aliam</strong></span> <span class='ocrx_word' id='word_1_229' title='bbox 373 3364 455 3449; x_wconf 87' lang='lat' dir='ltr'><strong>regis</strong></span> <span class='ocrx_word' id='word_1_230' title='bbox 489 3365 625 3432; x_wconf 86' lang='lat' dir='ltr'><strong>Rutheni</strong></span> <span class='ocrx_word' id='word_1_231' title='bbox 646 3367 753 3447; x_wconf 85' lang='lat' dir='ltr'><strong>filiam,</strong></span> <span class='ocrx_word' id='word_1_232' title='bbox 788 3367 912 3432; x_wconf 90' lang='lat' dir='ltr'><strong>nomine</strong></span> <span class='ocrx_word' id='word_1_233' title='bbox 934 3365 1075 3446; x_wconf 67' lang='lat' dir='ltr'><strong>(lisdem,</strong></span> <span class='ocrx_word' id='word_1_234' title='bbox 1109 3366 1308 3433; x_wconf 90' lang='lat' dir='ltr'><strong>matrimonio</strong></span> 
     </span>
     <span class='ocr_line' id='line_1_28' title="bbox 108 3461 1308 3564; baseline 0.002 -23"><span class='ocrx_word' id='word_1_235' title='bbox 108 3476 204 3561; x_wconf 88' lang='lat' dir='ltr'><strong>hujus</strong></span> <span class='ocrx_word' id='word_1_236' title='bbox 238 3461 381 3561; x_wconf 82' lang='lat' dir='ltr'><strong>mysterii</strong></span> <span class='ocrx_word' id='word_1_237' title='bbox 410 3476 583 3561; x_wconf 87' lang='lat' dir='ltr'><strong>iniqnitatis</strong></span> <span class='ocrx_word' id='word_1_238' title='bbox 605 3477 748 3562; x_wconf 90' lang='lat' dir='ltr'><strong>ignaram</strong></span> <span class='ocrx_word' id='word_1_239' title='bbox 769 3480 899 3564; x_wconf 88' lang='lat' dir='ltr'><strong>accepit.</strong></span> <span class='ocrx_word' id='word_1_240' title='bbox 943 3477 1028 3560; x_wconf 80' lang='lat' dir='ltr'><strong>Quae</strong></span> <span class='ocrx_word' id='word_1_241' title='bbox 1062 3475 1116 3543; x_wconf 90' lang='lat' dir='ltr'><strong>ubi</strong></span> <span class='ocrx_word' id='word_1_242' title='bbox 1137 3478 1308 3564; x_wconf 88' lang='lat' dir='ltr'><strong>impietatis</strong></span> 
     </span>
     <span class='ocr_line' id='line_1_29' title="bbox 108 3586 1308 3674; baseline 0.002 -21"><span class='ocrx_word' id='word_1_243' title='bbox 108 3589 233 3653; x_wconf 90' lang='lat' dir='ltr'><strong>cultum</strong></span> <span class='ocrx_word' id='word_1_244' title='bbox 263 3587 366 3672; x_wconf 91' lang='lat' dir='ltr'><strong>primo</strong></span> <span class='ocrx_word' id='word_1_245' title='bbox 399 3587 431 3651; x_wconf 92' lang='lat' dir='ltr'><strong>in</strong></span> <span class='ocrx_word' id='word_1_246' title='bbox 464 3586 532 3652; x_wconf 88' lang='lat' dir='ltr'><strong>eliis</strong></span> <span class='ocrx_word' id='word_1_247' title='bbox 566 3587 753 3670; x_wconf 90' lang='lat' dir='ltr'><strong>tandemque</strong></span> <span class='ocrx_word' id='word_1_248' title='bbox 786 3587 817 3652; x_wconf 94' lang='lat' dir='ltr'><strong>in</strong></span> <span class='ocrx_word' id='word_1_249' title='bbox 850 3589 1018 3674; x_wconf 91' lang='lat' dir='ltr'><strong>semetipsa</strong></span> <span class='ocrx_word' id='word_1_250' title='bbox 1049 3609 1106 3674; x_wconf 92' lang='lat' dir='ltr'><strong>per</strong></span> <span class='ocrx_word' id='word_1_251' title='bbox 1134 3589 1308 3673; x_wconf 88' lang='lat' dir='ltr'><strong>impudicos</strong></span> 
     </span>
     <span class='ocr_line' id='line_1_30' title="bbox 108 3697 1309 3785; baseline 0.002 -21"><span class='ocrx_word' id='word_1_252' title='bbox 108 3699 266 3764; x_wconf 87' lang='lat' dir='ltr'><strong>admissos</strong></span> <span class='ocrx_word' id='word_1_253' title='bbox 288 3702 413 3784; x_wconf 85' lang='lat' dir='ltr'><strong>experta</strong></span> <span class='ocrx_word' id='word_1_254' title='bbox 434 3701 491 3780; x_wconf 80' lang='lat' dir='ltr'><strong>eet,</strong></span> <span class='ocrx_word' id='word_1_255' title='bbox 514 3701 588 3782; x_wconf 90' lang='lat' dir='ltr'><strong>post</strong></span> <span class='ocrx_word' id='word_1_256' title='bbox 602 3697 761 3765; x_wconf 88' lang='lat' dir='ltr'><strong>muliebris</strong></span> <span class='ocrx_word' id='word_1_257' title='bbox 777 3701 978 3766; x_wconf 86' lang='lat' dir='ltr'><strong>verecundiae</strong></span> <span class='ocrx_word' id='word_1_258' title='bbox 993 3700 1172 3785; x_wconf 89' lang='lat' dir='ltr'><strong>aliquandiu</strong></span> <span class='ocrx_word' id='word_1_259' title='bbox 1187 3705 1309 3767; x_wconf 84' lang='lat' dir='ltr'><strong>servata</strong></span> 
     </span>
     <span class='ocr_line' id='line_1_31' title="bbox 108 3807 1310 3903; baseline 0.007 -30"><span class='ocrx_word' id='word_1_260' title='bbox 108 3807 244 3889; x_wconf 85' lang='lat' dir='ltr'><strong>silentia,</strong></span> <span class='ocrx_word' id='word_1_261' title='bbox 267 3810 390 3893; x_wconf 86' lang='lat' dir='ltr'><strong>quando</strong></span> <span class='ocrx_word' id='word_1_262' title='bbox 408 3809 477 3893; x_wconf 90' lang='lat' dir='ltr'><strong>jam</strong></span> <span class='ocrx_word' id='word_1_263' title='bbox 498 3811 683 3896; x_wconf 88' lang='lat' dir='ltr'><strong>patientiam</strong></span> <span class='ocrx_word' id='word_1_264' title='bbox 716 3814 922 3878; x_wconf 90' lang='lat' dir='ltr'><strong>matronalem</strong></span> <span class='ocrx_word' id='word_1_265' title='bbox 943 3813 1017 3879; x_wconf 77' lang='lat' dir='ltr'><strong>uicit</strong></span> <span class='ocrx_word' id='word_1_266' title='bbox 1038 3814 1220 3903; x_wconf 89' lang='lat' dir='ltr'><strong>magnitudo</strong></span> <span class='ocrx_word' id='word_1_267' title='bbox 1242 3835 1310 3882; x_wconf 91' lang='lat' dir='ltr'><strong>sce·</strong></span> 
     </span>
     <span class='ocr_line' id='line_1_32' title="bbox 106 3919 1309 4011; baseline 0.006 -25"><span class='ocrx_word' id='word_1_268' title='bbox 106 3922 210 3987; x_wconf 90' lang='lat' dir='ltr'><strong>lerum</strong></span> <span class='ocrx_word' id='word_1_269' title='bbox 231 3919 334 4005; x_wconf 89' lang='lat' dir='ltr'><strong>primo</strong></span> <span class='ocrx_word' id='word_1_270' title='bbox 357 3920 499 3986; x_wconf 89' lang='lat' dir='ltr'><strong>fidelibus</strong></span> <span class='ocrx_word' id='word_1_271' title='bbox 512 3921 628 3989; x_wconf 78' lang='lat' dir='ltr'><strong>Christi</strong></span> <span class='ocrx_word' id='word_1_272' title='bbox 650 3922 804 4008; x_wconf 89' lang='lat' dir='ltr'><strong>episcopis</strong></span> <span class='ocrx_word' id='word_1_273' title='bbox 827 3926 858 3990; x_wconf 89' lang='lat' dir='ltr'><strong>et</strong></span> <span class='ocrx_word' id='word_1_274' title='bbox 880 3924 1090 3991; x_wconf 89' lang='lat' dir='ltr'><strong>sacerdotibus</strong></span> <span class='ocrx_word' id='word_1_275' title='bbox 1113 3945 1179 3992; x_wconf 90' lang='lat' dir='ltr'><strong>rem</strong></span> <span class='ocrx_word' id='word_1_276' title='bbox 1200 3927 1309 4011; x_wconf 87' lang='lat' dir='ltr'><strong>pandit</strong></span> 
     </span>
    </p>

    <p class='ocr_par' dir='ltr' id='par_1_3' title="bbox 1 4031 1309 4122">
     <span class='ocr_line' id='line_1_33' title="bbox 1 4031 1309 4122; baseline 0.009 -28"><span class='ocrx_word' id='word_1_277' title='bbox 1 4089 2 4108; x_wconf 63' lang='grc'>,</span> <span class='ocrx_word' id='word_1_278' title='bbox 107 4031 265 4118; x_wconf 83' lang='lat' dir='ltr'><strong>fugaeque</strong></span> <span class='ocrx_word' id='word_1_279' title='bbox 287 4048 324 4097; x_wconf 90' lang='lat' dir='ltr'><strong>ac</strong></span> <span class='ocrx_word' id='word_1_280' title='bbox 346 4031 550 4117; x_wconf 90' lang='lat' dir='ltr'><strong>separationis</strong></span> <span class='ocrx_word' id='word_1_281' title='bbox 574 4036 693 4100; x_wconf 87' lang='lat' dir='ltr'><strong>occulte</strong></span> <span class='ocrx_word' id='word_1_282' title='bbox 725 4035 969 4120; x_wconf 90' lang='lat' dir='ltr'><strong>oportunitatem</strong></span> <span class='ocrx_word' id='word_1_283' title='bbox 1001 4039 1164 4122; x_wconf 88' lang='lat' dir='ltr'><strong>quaeritat.</strong></span> <span class='ocrx_word' id='word_1_284' title='bbox 1203 4040 1309 4106; x_wconf 87' lang='lat' dir='ltr'><strong>Insta-</strong></span> 
     </span>
    </p>

    <p class='ocr_par' dir='ltr' id='par_1_4' title="bbox 1 4111 1308 4236">
     <span class='ocr_line' id='line_1_34' title="bbox 108 4141 1308 4236; baseline 0.003 -23.673"><span class='ocrx_word' id='word_1_285' title='bbox 108 4141 165 4209; x_wconf 91' lang='lat' dir='ltr'><strong>bat</strong></span> <span class='ocrx_word' id='word_1_286' title='bbox 185 4143 268 4208; x_wconf 90' lang='lat' dir='ltr'><strong>inter</strong></span> <span class='ocrx_word' id='word_1_287' title='bbox 285 4143 361 4209; x_wconf 90' lang='lat' dir='ltr'><strong>haec</strong></span> <span class='ocrx_word' id='word_1_288' title='bbox 393 4143 479 4228; x_wconf 87' lang='lat' dir='ltr'><strong>regia</strong></span> <span class='ocrx_word' id='word_1_289' title='bbox 507 4142 659 4229; x_wconf 89' lang='lat' dir='ltr'><strong>profectio</strong></span> <span class='ocrx_word' id='word_1_290' title='bbox 683 4145 721 4212; x_wconf 92' lang='lat' dir='ltr'><strong>de</strong></span> <span class='ocrx_word' id='word_1_291' title='bbox 748 4147 904 4231; x_wconf 86' lang='lat' dir='ltr'><strong>cisalpinis</strong></span> <span class='ocrx_word' id='word_1_292' title='bbox 920 4146 943 4234; x_wconf 78' lang='lat'><strong>⁸)</strong></span> <span class='ocrx_word' id='word_1_293' title='bbox 965 4147 1108 4234; x_wconf 88' lang='lat' dir='ltr'><strong>partibus</strong></span> <span class='ocrx_word' id='word_1_294' title='bbox 1129 4151 1163 4216; x_wconf 92' lang='lat' dir='ltr'><strong>in</strong></span> <span class='ocrx_word' id='word_1_295' title='bbox 1184 4152 1308 4236; x_wconf 87' lang='lat' dir='ltr'><strong>Longo-</strong></span> 
     </span>
    </p>
   </div>
   <div class='ocr_carea' id='block_1_3' title="bbox 212 4347 409 4418">
    <p class='ocr_par' dir='ltr' id='par_1_5' title="bbox 212 4347 409 4418">
     <span class='ocr_line' id='line_1_35' title="bbox 212 4347 409 4418; baseline 0.01 -17"><span class='ocrx_word' id='word_1_296' title='bbox 212 4347 232 4418; x_wconf 87' lang='lat'><strong>¹)</strong></span> <span class='ocrx_word' id='word_1_297' title='bbox 251 4351 298 4405; x_wconf 87' lang='lat' dir='ltr'><strong>sic.</strong></span> <span class='ocrx_word' id='word_1_298' title='bbox 317 4350 409 4403; x_wconf 86' lang='lat' dir='ltr'><strong>codex.</strong></span> 
     </span>
    </p>
   </div>
   <div class='ocr_carea' id='block_1_4' title="bbox 210 4445 1089 4615">
    <p class='ocr_par' dir='ltr' id='par_1_6' title="bbox 210 4445 1089 4615">
     <span class='ocr_line' id='line_1_36' title="bbox 210 4445 1089 4524; baseline 0.014 -23"><span class='ocrx_word' id='word_1_299' title='bbox 210 4445 231 4516; x_wconf 85' lang='lat'><strong>¹)</strong></span> <span class='ocrx_word' id='word_1_300' title='bbox 250 4447 320 4502; x_wconf 83' lang='lat' dir='ltr'><strong>Vide</strong></span> <span class='ocrx_word' id='word_1_301' title='bbox 337 4449 402 4502; x_wconf 81' lang='lat' dir='ltr'><strong>haee</strong></span> <span class='ocrx_word' id='word_1_302' title='bbox 420 4449 499 4504; x_wconf 82' lang='lat' dir='ltr'><strong>verbe</strong></span> <span class='ocrx_word' id='word_1_303' title='bbox 525 4454 552 4504; x_wconf 93' lang='lat' dir='ltr'><strong>in</strong></span> <span class='ocrx_word' id='word_1_304' title='bbox 571 4451 686 4507; x_wconf 79' lang='lat' dir='ltr'><strong>Chronic.</strong></span> <span class='ocrx_word' id='word_1_305' title='bbox 706 4455 894 4524; x_wconf 87' lang='lat' dir='ltr'><strong>Reichersberg</strong></span> <span class='ocrx_word' id='word_1_306' title='bbox 911 4457 946 4510; x_wconf 84' lang='lat' dir='ltr'><strong>ed</strong></span> <span class='ocrx_word' id='word_1_307' title='bbox 965 4471 989 4513; x_wconf 88' lang='lat' dir='ltr'><strong>a.</strong></span> <span class='ocrx_word' id='word_1_308' title='bbox 1008 4455 1089 4513; x_wconf 73' lang='lat'>1067.</span> 
     </span>
     <span class='ocr_line' id='line_1_37' title="bbox 210 4544 443 4615; baseline 0.017 -17"><span class='ocrx_word' id='word_1_309' title='bbox 210 4544 233 4615; x_wconf 81' lang='lat'><strong>⁸)</strong></span> <span class='ocrx_word' id='word_1_310' title='bbox 252 4546 308 4602; x_wconf 86' lang='lat' dir='ltr'><strong>cod.</strong></span> <span class='ocrx_word' id='word_1_311' title='bbox 329 4548 443 4615; x_wconf 81' lang='lat' dir='ltr'><strong>cisalpir.</strong></span> 
     </span>
    </p>
   </div>
   <div class='ocr_carea' id='block_1_5' title="bbox 0 0 1584 5212">
    <p class='ocr_par' dir='ltr' id='par_1_7' title="bbox 0 0 1584 5212">
     <span class='ocr_line' id='line_1_38' title="bbox 0 0 1584 5212; baseline 0 1"><span class='ocrx_word' id='word_1_312' title='bbox 0 0 1584 5212; x_wconf 95' lang='lat' dir='ltr'><strong> </strong></span> 
     </span>
    </p>
   </div>
  </div>
 </body>
</html>
