3168 5190
231 411 294 478 206

231 608 286 674 por
319 587 456 652 medinm
488 586 584 651 maris
617 584 712 663 rubri,
747 601 802 650 our
825 601 885 648 non
921 583 1065 649 similiter
1098 582 1265 652 advertunt
1300 588 1444 671 qualiter

232 700 340 765 eadem
362 697 465 763 divina
497 695 638 782 potentia
659 695 692 759 in
715 693 945 760 exterminando
981 692 1142 760 diabolum
1165 696 1333 763 clarificata
1355 701 1441 764 est?

233 811 338 896 Majus
361 811 444 876 enim
466 812 497 876 et
518 807 706 894 praeclarius
722 807 847 871 omnino
864 824 945 891 opus
961 808 1009 871 est
1023 825 1079 891 per
1093 807 1309 874 infirmitatem
1330 809 1442 875 earnis

233 943 269 991 ao
288 943 342 1009 per
364 921 633 987 mansuetudinem
655 918 825 1005 patientiae
847 918 1005 984 diabolum
1027 938 1095 984 esse
1117 921 1216 986 aDeo
1240 926 1441 1007 superatum,

234 1034 376 1122 quamsi
398 1053 470 1099 eum
502 1053 557 1118 per
578 1030 749 1097 divinitatis
783 1049 857 1096 suae
890 1029 1063 1114 potentiam
1101 1032 1167 1098 solo
1190 1035 1270 1100 nutu
1290 1037 1443 1118 prostra-

233 1148 339 1215 visset.

334 1259 443 1345 Neque
465 1277 537 1326 uero
560 1256 691 1324 decebat
713 1257 823 1335 Deum,
848 1256 902 1339 qui
924 1257 1098 1322 ereaturam
1120 1255 1304 1322 rationalem
1326 1254 1443 1322 diabo-

233 1375 301 1440 lum
322 1371 447 1452 fenerat,
470 1369 694 1455 magnitudinis
724 1387 798 1434 suae
817 1369 899 1434 mole
921 1368 1011 1433 illum
1029 1368 1201 1452 opprimere
1224 1369 1278 1434 sed
1300 1367 1440 1435 rationis

235 1487 267 1550 et
283 1483 394 1568 judieii
416 1484 572 1566 aequitate
594 1499 749 1563 superare.
786 1479 916 1547 Jnetum
937 1482 1045 1545 antem
1066 1478 1181 1544 diaboli
1203 1481 1442 1564 possessionem

234 1596 266 1660 in
284 1593 410 1660 homine
432 1592 571 1659 extitisse
592 1611 655 1658 non
677 1591 801 1676 penitus
817 1608 930 1676 negare
944 1609 1126 1677 possumus.
1148 1591 1228 1675 Quia
1243 1591 1326 1658 enim
1339 1591 1441 1659 homo

234 1709 267 1773 in
289 1724 403 1792 magna
425 1705 603 1772 excellentia
624 1723 643 1769 a
665 1704 730 1770 Deo
764 1703 908 1769 conditus
932 1704 988 1768 sed
1008 1701 1165 1769 benefieiis
1197 1703 1365 1770 eonditoris
1387 1704 1445 1770 in·

235 1822 345 1907 gratus
365 1818 463 1883 'intus
497 1819 604 1882 eontra
625 1817 727 1883 Deum
761 1814 894 1900 superbe
922 1819 1091 1897 tumuerat,
1121 1815 1244 1901 justum
1267 1821 1334 1884 erat
1353 1819 1444 1903 apud

235 1933 348 2011 Deum,
383 1931 536 2014 quatenus
568 1929 608 1992 ad
631 1947 702 1995 eum
724 1929 908 1994 tentandum
940 1927 1082 1995 diabolus
1114 1928 1340 2013 admitteretur,
1373 1949 1442 2014 quo

235 2061 290 2127 per
312 2042 476 2107 tentatoris
498 2039 649 2105 astutiam
669 2038 871 2105 manifestum
885 2038 985 2120 fieret,
1009 2039 1091 2124 quod
1113 2039 1146 2105 in
1168 2040 1234 2125 ejus
1259 2043 1349 2107 oorde
1369 2060 1444 2107 ver-

239 2152 375 2218 sabatur.
397 2150 470 2216 Nisi
490 2151 582 2231 enim,
606 2153 642 2214 ut
664 2153 736 2214 ante
764 2168 821 2216 nos
844 2149 1040 2231 dictumest,
1064 2150 1149 2217 intus
1171 2152 1339 2218 tumuisset
1358 2151 1442 2220 toris

236 2267 374 2331 tentatus
398 2266 464 2327 tam
485 2262 575 2327 taeile
597 2279 659 2326 non
681 2262 837 2329 cessisset.
860 2262 925 2329 Aut
940 2262 1036 2328 etiam
1052 2262 1079 2328 si
1094 2282 1157 2329 non
1175 2263 1301 2343 tumuit,
1313 2261 1443 2348 justum

118 2445 124 2463 ‚
236 2379 342 2442 tamen
363 2373 432 2453 tuit,
455 2371 579 2457 atejus
603 2371 777 2438 obedientia
797 2391 855 2458 per
876 2373 1044 2438 tentatoris
1066 2373 1216 2440 astutiam
1239 2373 1437 2459 probaretur,

238 2490 390 2571 quatenus
414 2482 544 2568 probata
565 2500 679 2549 eorona
701 2483 823 2569 dignior
846 2483 943 2562 fieret,
976 2486 1031 2548 aut
1053 2483 1184 2567 reproba
1205 2486 1333 2552 inventa
1349 2486 1444 2571 juste

238 2597 331 2683 abjici
351 2600 531 2663 mereretur.
554 2594 605 2662 Sic
627 2595 711 2660 enim
733 2597 765 2660 et
785 2596 888 2679 angeli
903 2595 1003 2662 saneti
1014 2595 1037 2677 ¹)
1059 2597 1238 2663 eorumdem
1260 2600 1444 2684 apostatam

239 2711 385 2796 angelum
407 2726 515 2775 omnes
538 2707 649 2773 tentati
673 2709 756 2788 sunt,
790 2705 879 2791 eujus
900 2708 1007 2793 potins
1030 2726 1105 2775 snae
1125 2709 1269 2776 videlieet
1290 2707 1446 2793 superbae

240 2820 378 2888 suasioni
414 2837 454 2884 an
476 2818 535 2884 Dei
557 2818 750 2884 humillimae
786 2818 932 2884 charitati
953 2820 1068 2886 vellent
1090 2820 1223 2888 obedire.
1266 2821 1307 2887 Et
1329 2822 1446 2907 quiex

241 2933 285 2998 eis
307 2931 432 3017 reprobi
464 2931 583 2996 inventi
616 2933 690 2995 eunt
712 2948 784 2995 oum
804 2929 874 3015 ipso
897 2930 936 2994 ad
959 2929 1026 3014 ejus
1048 2931 1192 2998 tenebras
1215 2931 1334 3017 delapsi
1355 2936 1445 3014 sunt,

241 3041 351 3125 reliqui
383 3037 628 3123 perseverantiae
650 3041 682 3104 et
704 3037 851 3104 rintoriao
884 3057 958 3104 suae
988 3033 1161 3124 praemium
1195 3044 1387 3110 aeternitatis
1407 3044 1448 3110 in

242 3151 406 3217 dilectione
432 3149 500 3229 Dei,
521 3149 728 3215 constantiam
751 3150 892 3216 simulet
909 3169 1056 3217 eoronam
1078 3153 1205 3238 gloriae,
1227 3158 1444 3241 perceperunt.

342 3260 481 3327 Tantum
503 3265 551 3326 est
573 3261 656 3326 enim
677 3265 820 3327 aeternae
841 3261 959 3346 gloriae
980 3265 1110 3346 pondus,
1133 3266 1169 3331 ut
1190 3283 1246 3333 neo
1267 3266 1361 3332 homo
1383 3285 1446 3335 nee

242 3375 371 3459 angelus
403 3373 466 3438 illa
490 3371 691 3438 sublimitatis
716 3373 911 3454 excellentia,
944 3373 999 3438 illo
1021 3378 1160 3443 torrento
1181 3379 1350 3462 voluptatis
1372 3397 1449 3463 per-

243 3486 323 3552 seete
355 3484 484 3550 idoneus
517 3483 567 3550 'rel
599 3485 711 3569 dignus
746 3485 891 3550 existeret
922 3485 982 3550 nisi
1016 3486 1102 3570 prius
1135 3469 1307 3554 tentatione
1342 3489 1449 3564 fidelis

245 3596 477 3684 comprobatus.
523 3595 681 3661 Praevidit
712 3600 816 3661 autem
839 3596 924 3662 Deus
957 3595 1097 3680 ejusdem
1128 3599 1232 3684 angeli
1266 3599 1450 3685 superbiam

245 3710 340 3776 simul
361 3712 392 3774 et
414 3726 530 3787 casum,
567 3707 649 3791 quod
670 3706 813 3772 videlieet
834 3726 870 3772 er
891 3708 1001 3791 angelo
1035 3707 1177 3775 diabolus
1215 3709 1340 3777 futurus
1362 3717 1451 3778 esset

246 3821 404 3884 ettamen
426 3835 498 3882 oum
515 3815 599 3900 juste
621 3819 653 3882 ot
674 3816 901 3883 rationabiliter
923 3819 1054 3885 condere
1075 3821 1183 3901 voluit,
1219 3825 1330 3908 utpote
1352 3823 1451 3890 simul

245 3928 436 4012 praevidens,
469 3945 530 3993 non
565 3927 667 3993 solum
688 3927 766 3994 nihil
784 3946 901 4007 eorum,
936 3947 1014 4012 quae
1047 3931 1147 3998 voluit
1170 3930 1267 4014 Dens,
1301 3953 1356 4019 per
1377 3933 1449 4018 ejus

247 4038 401 4106 malitiam
422 4056 515 4124 posse
535 4038 678 4123 impediri
700 4040 754 4106 sed
775 4040 879 4125 potius
901 4042 1056 4126 profectui
1075 4043 1247 4129 voluptatis
1264 4043 1330 4129 eJus
1347 4045 1452 4110 omni-

248 4150 348 4216 modis
371 4151 566 4216 servituram.
589 4151 670 4233 Quid
691 4156 805 4232 autem,
826 4151 939 4237 inquis,
962 4155 1061 4221 voluit
1081 4155 1192 4223 Dens?
1221 4155 1303 4248 Quid
1323 4175 1374 4222 me
1397 4155 1451 4221 in-

249 4263 413 4347 terrogas?
434 4262 597 4346 Interroga
611 4263 788 4346 apostolum
803 4281 858 4330 rae
874 4264 1035 4331 eleotionis
1051 4269 1083 4330 et
1097 4265 1180 4333 dicet
1200 4264 1277 4332 tibi:
1293 4265 1451 4349 Quoniam

353 4489 373 4560 ¹)
390 4493 494 4548 ridetur
514 4493 605 4548 deesse
622 4493 728 4564 ,‚per.“
