3158 5212
1301 401 1344 468 55

136 563 229 632 luerit
240 565 382 651 legitimo
392 565 459 631 viro
473 564 595 632 Ghristo
608 567 657 632 vel
669 565 735 649 ejus
748 565 873 648 vicario,
892 567 979 635 verbi
995 584 1088 634 causa
1101 568 1251 655 Gregorio
1274 572 1338 641 VII

135 675 298 744 mulierem
321 697 357 743 er
378 675 459 744 bono
487 678 551 742 zelo
573 677 606 742 in
626 677 727 743 frusta
750 678 933 760 concidisse,
959 679 1149 746 conscissam
1170 699 1225 765 per
1241 682 1340 750 schie-

133 788 267 854 maticos
290 790 323 853 et
344 789 544 853 dilaceratam
566 788 729 854 ecclesiam
752 788 991 871 demonstrasse,
1022 794 1174 875 quatenus
1196 791 1335 860 fidelium
1397 881 1399 886 Ι

134 899 256 964 animos
272 899 312 964 ad
330 899 500 965 vindiciam
512 899 594 963 tanti
606 899 729 965 sceleris
742 918 798 984 per
811 900 1028 966 conscissionis
1041 900 1339 969 demonstrationem

130 1013 325 1095 provocaret.
360 1011 404 1077 Eo
439 1028 512 1076 sane
542 1011 708 1076 locutionis
730 1030 843 1096 genere
866 1012 928 1077 dici
948 1014 1054 1097 potest
1076 1013 1239 1079 mulierem
1261 1033 1336 1081 con·

132 1121 273 1186 scindere
305 1121 364 1187 hoc
397 1141 465 1188 esse
498 1120 690 1187 conscissam
723 1122 936 1188 demonstrare
969 1141 1028 1207 quo
1058 1125 1090 1189 et
1114 1125 1267 1190 Dominus
1297 1126 1337 1191 ad

131 1234 295 1301 Abraham
309 1236 448 1319 loquens,
471 1251 587 1314 nunc,
609 1233 720 1315 inquit,
744 1235 929 1318 cognovi,
952 1235 1011 1300 hoo
1026 1238 1074 1300 est
1088 1237 1249 1320 cognitum
1264 1237 1334 1316 feci,

131 1347 239 1430 quod
261 1345 405 1410 timeas
428 1344 678 1427 Dominum.¹)
700 1345 760 1426 Qui
784 1345 926 1411 videlicet
947 1345 1113 1412 locutionis
1135 1348 1246 1413 modus
1267 1347 1334 1413 effi·

132 1459 216 1522 ciens
239 1474 296 1540 pro
318 1454 428 1521 effecto
450 1457 499 1522 val
521 1476 537 1522 e
561 1474 709 1522 converso
732 1475 849 1539 ponens
871 1458 955 1540 apud
977 1455 1207 1523 Grammaticos
1229 1461 1330 1523 meto·

131 1567 237 1632 nomia
260 1565 322 1631 dici
344 1565 432 1633 solet.

593 2005 704 2073 cap.
726 2005 868 2064 XXII.

275 2125 390 2194 Victor
412 2144 501 2214 papa
523 2127 689 2214 Gregorio,
711 2126 838 2194 Victori
860 2125 1010 2196 Urbanus
1033 2125 1186 2194 succedit.

223 2312 357 2379 Interim
379 2330 452 2379 sane
474 2315 549 2380 dum
571 2314 646 2380 haec
669 2315 750 2380 circa
772 2311 944 2379 Redollum
959 2313 1216 2379 etHermannum
1237 2332 1327 2399 reges

123 2425 279 2505 geruntur
311 2423 477 2491 decedente
508 2426 541 2490 in
572 2426 660 2491 exilio
695 2425 844 2511 Gregorio
868 2425 938 2491 VII.
973 2425 1175 2492 substituitur
1197 2426 1325 2506 Victor;

124 2533 246 2599 Victori
281 2553 402 2619 quoque
434 2535 579 2603 Urbanus
614 2537 761 2616 succedit,
796 2538 895 2602 adhuc
929 2534 1005 2602 mbe
1026 2534 1126 2601 Roma
1149 2535 1321 2622 Wigberto,

124 2662 219 2728 quem
242 2645 435 2714 Clementem
459 2647 606 2726 dixerant,
629 2645 717 2711 Petri
739 2647 844 2711 sedem
877 2648 1056 2729 occupante.
1099 2646 1160 2711 Hic
1181 2647 1324 2714 videlicet

123 2752 274 2821 Urbanus
307 2757 390 2822 sicut
421 2756 628 2842 indignitate
663 2756 708 2822 ita
741 2774 862 2840 quoque
883 2755 916 2820 iu
939 2755 1054 2821 virtute
1087 2755 1230 2842 Gregorii
1252 2757 1322 2824 VIl.

121 2865 220 2931 immo
244 2869 276 2932 et
297 2867 395 2950 ipsius
418 2866 504 2933 Petri
537 2867 715 2952 legitimum
737 2886 771 2932 se
793 2884 1004 2933 successorem
1027 2866 1174 2934 exhibuit.
1218 2869 1321 2954 Hujus

121 2975 156 3040 in
189 2981 329 3062 tempore
360 2977 471 3045 Franci
510 2998 566 3063 per
598 2978 665 3063 ejus
700 2977 944 3045 exhortationem
976 2979 1136 3063 provocati
1167 2978 1326 3045 civitatem

122 3086 384 3172 Hierosolymam,
417 3090 522 3155 locum
544 3090 686 3156 videlicet
709 3088 864 3174 sepulchri
885 3089 1022 3170 Domini,
1054 3090 1091 3154 de
1113 3107 1208 3156 manu
1230 3108 1326 3176 paga·

122 3215 236 3263 norum
269 3198 385 3267 virtuto
418 3201 547 3284 potenti,
571 3202 754 3287 angolorum
788 3219 910 3286 quoquo
941 3200 1056 3266 visibili
1077 3199 1249 3266 ministerio
1271 3202 1327 3267 ad·

117 3306 191 3392 juti,
215 3309 359 3393 eripiunt,
383 3311 465 3377 sicut
475 3312 617 3396 proprius
640 3313 712 3377 inde
733 3315 895 3377 contextus
916 3310 1041 3378 libellus
1063 3312 1180 3376 edocet.
1202 3309 1242 3376 In
1265 3330 1326 3396 qua

120 3418 218 3485 etiam
240 3421 366 3488 civitate
380 3421 407 3508 8)
426 3443 481 3508 per
503 3423 629 3490 Clarum
650 3424 759 3489 eodem
780 3422 1039 3507 commigrantem
1052 3424 1135 3488 vitae
1151 3421 1324 3488 communis

121 3549 160 3596 ea
179 3532 316 3597 formula
338 3533 493 3614 redomit,
528 3553 606 3619 quae
639 3535 784 3618 primitus
817 3555 872 3620 per
894 3535 1052 3620 apostolos
1074 3533 1190 3598 ibidem
1213 3535 1323 3616 coepta

121 3642 335 3726 dignoscitur,
355 3643 570 3729 judicantibus
593 3645 637 3712 eis
659 3647 809 3712 nimirum
828 3645 1004 3730 justissime
1024 3663 1086 3709 nou
1108 3642 1202 3708 aliam
1224 3662 1257 3708 se
1279 3641 1325 3707 illi

122 3753 285 3820 civitatem
319 3756 430 3822 debore
461 3774 604 3822 normam
637 3758 759 3824 vivendi
789 3759 942 3838 inducere,
979 3774 1074 3841 quam
1107 3773 1185 3839 quae
1206 3753 1324 3837 prinmo

121 3864 335 3933 iustitutionis
368 3869 558 3951 apostolicae
593 3867 803 3935 fundamentis
827 3870 1020 3954 congrueret.
1064 3866 1150 3931 Haec
1171 3864 1324 3948 siquidem

119 3976 274 4058 plantatio
296 3977 429 4064 legitimi
450 3979 599 4064 germinis
621 3980 801 4046 incivitate
832 3980 887 4046 illa
920 3982 1026 4045 sancta
1048 3976 1234 4043 resuscitata
1255 3976 1324 4059 pal·

226 4237 234 4270 ¹
267 4238 329 4292 Gon.
349 4237 394 4294 22.
415 4237 459 4294 12.

224 4232 248 4403 ¹))
264 4335 332 4390 Vide
351 4339 485 4404 sequentia
509 4336 591 4390 verba
617 4335 711 4408 (usquc
729 4337 968 4403 complacitam
987 4327 1226 4401 agnovissent)
1246 4333 1323 4384 aiam

265 4429 293 4479 ln
313 4425 404 4483 chron.
424 4428 623 4500 Reichersbsrg.
653 4428 687 4484 ad
712 4443 804 4483 annum
830 4427 910 4498 1098,
940 4426 987 4480 sad
1012 4425 1051 4480 ibi
1076 4441 1121 4492 pro
1149 4423 1323 4490 ierosolyma-

269 4518 409 4578 Auliochia
423 4520 526 4592 logltur,
